2694 4710
302 303 376 352 nin.
400 303 423 355 r.
446 302 533 351 siun
558 304 606 351 na
631 303 945 355 PH1n08.NATUR.
1084 294 1168 358 1071

72 445 176 508 tieem
199 443 301 508 etiam
326 444 470 509 sublime
491 445 671 526 positum,W
694 452 731 510 ut
752 446 921 512 dominum
948 456 1048 533 atque
1064 459 1174 516 recto-

73 565 156 621 rem,
181 544 458 629 providentiaque
482 547 555 629 ejus
581 566 602 611 a
628 548 787 630 perieulis
814 550 985 631 vindicari.
1029 550 1098 616 Sed
1114 552 1176 616 et⁶

75 646 354 725 machinamenta,
384 649 511 730 quibus
547 649 590 712 ad
620 649 809 713 sentiendas
827 659 844 722 ¹>
869 651 1174 737 dijudicandasqne

75 748 282 830 quantitates
297 755 331 813 et
346 751 548 831 qualitates⁷
563 769 681 814 sensus
696 750 850 815 instructi
866 760 953 829 sunt,
963 752 1084 818 ibidem
1094 775 1175 839 erga

74 851 201 931 regiam
224 851 348 933 capitis
372 851 554 916 constitute
579 852 681 928 esse,8
709 854 742 916 in
769 860 953 937 conspectu
970 857 1122 936 rationis,
1137 866 1175 924 ut

74 951 281 1032 intelligendi
302 972 344 1017 ao
365 953 649 1034 persentiscendi⁹
672 956 792 1019 veritas
815 955 1000 1039 adjuvetur.
1044 957 1173 1023 Sensus

74 1072 155 1118 vero
169 1053 237 1136 ipsi
251 1054 295 1118 ad
310 1073 363 1132 ea,
385 1073 462 1139 qnae
486 1061 566 1119 sunt
587 1056 769 1134 sensibilia,
793 1066 872 1140 apte
887 1058 1067 1140 compositi
1081 1079 1102 1123 a
1115 1080 1181 1125 na·-

74 1162 176 1232 tura,¹
204 1156 456 1238 intelligentiam
487 1164 665 1237 cognatam
690 1164 812 1222 tenent.
856 1159 901 1223 Et
923 1161 1031 1241 primo
1058 1161 1174 1224 oculo-

73 1275 147 1319 rum
157 1263 171 1292 ²
186 1257 279 1321 ecies
293 1258 453 1339 gemellas
468 1258 660 1341 perlucidas
675 1279 761 1337 esse,
785 1267 820 1324 et
841 1259 1008 1344 quadam³
1032 1260 1107 1325 luce
1123 1264 1171 1327 ri·
1217 1309 1219 1314 -

74 1358 185 1422 sionis
198 1357 355 1435 illustres,
370 1359 532 1422 noscendi
547 1360 704 1422 luminis4
715 1360 858 1424 officium
875 1366 1006 1447 tenere:
1031 1362 1176 1427 auditio·

72 1560 146 1617 caput
161 1557 187 1604 irr
203 1570 293 1607 rumara
352 1563 375 1607 te
390 1558 494 1620 eorpoms
514 1563 624 1620 tanquam
643 1557 763 1606 dominum
781 1562 804 1606 et
819 1558 1000 1618 gubernatorem
1016 1558 1073 1618 rjus,
1085 1562 1110 1607 et
1120 1559 1173 1621 qud·

73 1621 128 1666 dem
144 1619 255 1669 illuderit
271 1623 367 1671 deendr'
383 1637 398 1670 a
419 1621 538 1684 penato,
557 1623 632 1683 ipsius
646 1623 783 1684 prudentia.
820 1623 906 1671 Verum
927 1628 951 1671 et
970 1638 1070 1684 organa,
1088 1623 1174 1684 quibus

72 1697 155 1731 sensus
170 1685 267 1746 maddi
289 1690 352 1748 sunt,
368 1687 400 1734 ad
418 1685 580 1748 percipiendas
596 1690 621 1734 et
636 1687 789 1734 estimandus
805 1687 980 1748 magnitudines
994 1692 1018 1734 et
1035 1687 1171 1749 qualitates,

71 1747 151 1808 posita
164 1761 213 1796 esre
229 1749 314 1796 ibidem
334 1749 398 1798 virsa
416 1764 494 1797 arcem
509 1750 596 1811 eapitis
612 1764 684 1812 prope
701 1751 827 1812 rationem
843 1756 870 1799 at
887 1752 976 1799 neritus
989 1751 1173 1800 intetlrctr'vnum

71 1815 98 1858 et
112 1812 273 1860 screationum
287 1813 397 1872 juvetur.
430 1813 482 1873 Ipsi
496 1818 574 1879 autem
592 1828 673 1862 renuis
692 1829 707 1862 a
722 1818 808 1861 nutura
820 1813 884 1870 facti
904 1815 1068 1864 convenienter
1083 1817 1114 1862 ad
1133 1828 1173 1862 res

72 1874 194 1924 mouns
213 1875 298 1924 babent
318 1877 435 1925 rationem
464 1876 511 1924 sibi
533 1878 633 1940 affinmn.
686 1877 769 1925 Primo
791 1877 854 1926 enim
876 1878 942 1926 binos
963 1879 1080 1926 scabrum
1105 1878 1173 1926 orbes

73 1950 124 1986 esse
138 1940 284 2002 perlucidos,
295 1945 319 1988 et
336 1941 485 2004 splendentes
494 1941 594 2002 quadam
609 1937 696 1989 lumine
711 1942 787 2002 vaus,
803 1955 887 2003 gerere
906 1955 992 1990 munus
1006 1943 1176 2004 cognoscendo

73 2189 115 2230 tos
127 2180 268 2231 doctissimi
279 2180 400 2230 Vulcanii
411 2187 528 2230 conatus.
551 2180 767 2230 Emendabnntur
778 2187 875 2238 autem,
891 2183 912 2230 si
928 2183 1078 2231 Fuluianom
1089 2183 1171 2232 secuti

72 2246 189 2295 codicem
201 2247 328 2308 legamus:
346 2245 476 2294 subservire
493 2245 577 2306 rapui,
592 2245 655 2293 cibor
671 2250 695 2294 et
710 2245 758 2294 alia
768 2245 960 2294 subministrare:
977 2247 1089 2300 verticem
1100 2249 1172 2296 etiam

71 2310 98 2357 in
109 2309 207 2357 sublime
216 2310 303 2371 proruit,
314 2316 341 2357 at
350 2310 468 2356 dmninum
481 2315 549 2371 utque
558 2314 681 2369 rectorem,
688 2309 881 2371 providentiaque
891 2309 942 2368 ejus
952 2326 967 2358 u
975 2310 1087 2372 perieulis
1095 2312 1172 2359 vindi·

71 2372 159 2422 dicari
175 2372 311 2434 Scioppius
335 2373 360 2421 in
383 2373 471 2436 Symb.
505 2373 630 2422 Mendosa
647 2373 703 2422 hoec
725 2380 785 2421 sunt
801 2381 828 2419 et
848 2378 987 2434 corrupta;
1009 2389 1065 2434 qnae
1086 2382 1171 2423 tamen

72 2444 148 2486 recte
161 2450 193 2484 ex
207 2437 270 2485 Cad.
285 2438 382 2497 scripto
401 2436 561 2485 emendabo:
583 2437 669 2485 Cetera
681 2436 782 2484 membra
794 2437 903 2484 unmlmrt
913 2441 936 2484 et
946 2437 1079 2484 subservire
1089 2438 1172 2498 capiti,

72 2500 232 2548 euaserant
242 2500 431 2548 subministrare.
468 2500 585 2550 Vativem
596 2499 668 2549 etium
684 2500 709 2548 in
725 2500 819 2547 sublimi
834 2501 922 2562 pererit,
933 2505 960 2546 ut
971 2501 1089 2548 dominum
1101 2505 1171 2561 utque

71 2570 186 2613 rectorem
195 2564 344 2626 providentia
359 2563 409 2623 <ias
426 2578 442 2610 a
456 2563 566 2626 periculis
575 2564 715 2612 vindicaret.
731 2563 882 2612 Wowcrins.
915 2561 946 2610 'rb
957 2563 1030 2625 capiti
1043 2563 1125 2625 adjeci
1138 2579 1171 2613 ex

72 2629 191 2688 Floreat.
208 2629 316 2677 Etmentr.
349 2627 422 2676 Bene
433 2625 603 2675 emendarunt
614 2627 720 2688 Sciopp.
736 2634 763 2675 et
776 2627 856 2676 Won.
869 2642 883 2674 e
902 2627 966 2675 Cod.
977 2628 1051 2676 Fnlv.
1065 2636 1092 2676 et
1103 2628 1170 2678 Etm.

72 2695 123 2741 &a
139 2706 154 2740 e
166 2692 280 2739 Florent.
292 2690 385 2755 quibus
397 2691 525 2740 accedunt
537 2691 649 2739 Putesn.
659 2691 758 2738 Theren.
771 2691 848 2739 Voss.
857 2690 932 2739 Leid.
944 2692 1020 2740 Vntr.
1033 2692 1106 2740 Harl.
1119 2692 1171 2741 Be·

70 2754 133 2803 ned.
149 2762 177 2805 et
193 2756 242 2804 Ed.
258 2756 333 2805 Jnnt.
352 2763 420 2816 post.
438 2769 496 2817 quae
514 2763 599 2802 tauron
636 2769 696 2802 rave
719 2754 796 2802 lubet
814 2769 871 2802 cum
889 2754 956 2802 Edd.
980 2756 1085 2818 reliquis
1110 2765 1170 2805 ante

73 2820 185 2869 Vulcan.
196 2819 345 2868 carentibus
353 2820 389 2881 τῷ
398 2818 482 2880 capiti,
492 2833 593 2882 quoqne
603 2770 727 2866 odrervire.
745 2816 815 2866 ono.
849 2819 910 2866 vid.
925 2818 986 2867 Not.
998 2821 1112 2867 Van—6
1129 2818 1171 2869 lta

72 2882 188 2933 Floreat.
200 2883 298 2932 Bencd.
310 2881 376 2932 Edd.
388 2883 457 2931 Elm.
469 2883 552 2932 Scriv.
564 2883 634 2931 Flor.
662 2881 703 2930 Ab
715 2880 771 2929 aliis
782 2881 857 2930 abest
867 2880 897 2929 rb
907 2887 939 2930 et.
958 2882 1077 2936 Orat-t
1096 2885 1171 2934 Voss.

71 2946 175 2996 Bened.
196 2951 221 2995 et
237 2947 401 3006 dfirrdieandas
421 2947 555 3010 qualitates.
589 2945 691 2995 absunt
714 2960 815 3008 qnoque
830 2945 975 3006 quantitates
995 2951 1018 2994 et
1036 2962 1050 2994 a
1068 2947 1169 2998 Tlruan.

71 3011 149 3059 Harl.
168 3017 195 3060 et
211 3011 280 3059 Edd.
297 3016 357 3059 ante
368 3011 478 3059 ancsn.
496 3011 583 3059 [ιι-8
600 3010 697 3058 Carent
715 3008 783 3057 Edd.
805 3017 866 3057 unte
885 3010 959 3058 Junt.
983 3018 1079 3070 poster.
1097 3012 1171 3060 Id.—

72 3079 89 3122 9
106 3075 143 3124 Aa
159 3089 217 3122 cum
229 3073 386 3124 ,ulmetum
406 3073 511 3136 reliquis
523 3073 583 3121 dedl
606 3087 621 3122 e
643 3075 757 3122 Floreat.
774 3074 850 3121 Voss.
864 3073 938 3120 Harl.
951 3074 1025 3122 Vulc.
1060 3074 1091 3121 In
1113 3075 1169 3123 reli·

72 3138 132 3202 quis
141 3143 220 3202 atque.
252 3138 353 3188 Bened.
365 3152 380 3186 a
392 3153 424 3186 m.
437 3151 476 3200 pr.
489 3145 516 3187 et
528 3136 595 3185 Edd.
608 3143 668 3185 ente
685 3138 795 3186 Vulcan.
804 3136 972 3200 persentiendi.
990 3137 1080 3187 ld.-—l
1099 3137 1170 3188 Sion

72 3217 120 3250 ano
130 3202 193 3252 Cod.
204 3202 282 3251 Volo.
295 3201 323 3250 et
333 3215 406 3265 seqq.
439 3202 471 3250 In
483 3200 609 3263 prioribus
620 3208 676 3250 erat
687 3200 780 3250 vitiose
791 3202 924 3263 composita,
937 3206 1037 3250 nature.
1053 3203 1169 3252 Florent.

73 3266 150 3315 Voss.
161 3271 190 3315 et
203 3264 278 3314 Harl.
289 3266 417 3327 compositu
426 3270 520 3314 natura.
546 3265 645 3314 Bened.
656 3265 778 3328 compositi
786 3270 881 3314 nutura.
909 3265 967 3313 Non
980 3266 1045 3314 male
1057 3281 1168 3330 quoqne.

70 3331 161 3380 lit-u
178 3331 291 3378 Veteres
302 3330 375 3390 editi,
385 3330 421 3379 Ac
437 3331 495 3378 ocal.
507 3329 558 3388 vel,
568 3329 603 3378 At
614 3332 674 3378 anet.
706 3330 837 3378 seniorem
856 3335 883 3377 et
899 3330 1064 3392 integriorem
1078 3330 1169 3378 lectio-

71 3409 131 3442 nem
144 3409 158 3441 e
170 3393 249 3443 Basil.
261 3398 285 3444 2.
297 3393 479 3458 expressimus·
497 3395 563 3442 Catu.
596 3393 663 3442 Euo.
683 3402 743 3442 unte
754 3393 829 3444 dunt.
849 3399 946 3454 poster.
963 3409 991 3440 ae
1009 3395 1050 3441 rel
1068 3399 1095 3442 at
1113 3394 1169 3442 sine

68 3459 157 3519 primo.
191 3458 267 3508 Harl.
284 3457 359 3508 Voss.
370 3472 398 3505 ac
410 3457 496 3569 primo.
530 3457 626 3506 lisdem
638 3457 706 3510 Edd.
718 3458 792 3506 abest
802 3455 832 3504 ri
842 3458 963 3517 gemellas.
981 3457 1100 3507 Oua—3
1118 3458 1168 3506 Ca·

38 3527 41 3533 '
73 3530 134 3571 rent
143 3521 181 3582 τᾷ
189 3527 213 3573 et
224 3523 338 3571 Floreat.
352 3521 409 3571 Har
420 3553 427 3568 .
438 3522 513 3570 Voss.
527 3522 625 3570 Bened.
636 3537 675 3570 eas
685 3538 708 3583 q.
720 3521 778 3569 edd.
790 3522 889 3584 priores
900 3520 1024 3569 Vulcania
1036 3521 1169 3571 exhibent.

72 3586 163 3636 Ia.-t
181 3586 299 3636 Ridicule
311 3585 379 3637 uad.
398 3593 458 3636 ante
468 3586 578 3635 Volcae.
596 3587 678 3634 literas
696 3594 787 3636 contra
800 3587 863 3636 Mos.
879 3585 946 3634 unde
957 3585 983 3632 in
996 3600 1076 3650 marg.
1088 3586 1120 3635 R.
1131 3601 1170 3635 rer
1184 3636 1187 3647 ,

569 3730 679 3780 NOTAE

106 3828 247 3879 'Vertirem
253 3830 325 3879 etiarn
336 3830 385 3895 [in]
395 3831 491 3880 sublime
498 3830 601 3894 positran
640 3837 714 3879 certe
726 3829 925 3878 intricatissimo.

72 3903 178 3968 [posuit]
194 3905 237 3954 Sic
254 3907 492 3957 restitnitWower.
504 3922 535 3955 ex
549 3908 600 3956 Ms.
673 3913 686 3938 ⁸
702 3906 905 3963 Mauretaniarum,
920 3903 1002 3965 quibus
1018 3905 1050 3950 ad
1065 3902 1168 3952 sentien-

72 3980 175 4029 Fulvii:
191 3981 327 4044 legebatur
343 3983 413 4045 prius
427 3988 520 4032 vertare
530 3983 601 4032 etiam
641 3984 693 4043 das,
708 3982 761 4043 qn]
778 3981 887 4042 Organa
903 3994 1032 4039 sensnum,
1044 3985 1107 4041 puta
1124 3995 1168 4031 ns·

71 4055 171 4106 miliare
190 4058 280 4120 possim
296 4058 329 4107 ab
349 4060 406 4108 aliis
422 4065 514 4110 vertare
529 4065 557 4109 ut
575 4059 601 4108 is
641 4072 693 4117 res,
701 4058 799 4118 oculos,
806 4059 855 4106 &a
867 4058 926 4109 Vox
937 4059 1082 4120 quantitates
1092 4057 1168 4108 deest

70 4133 171 4183 sublima
193 4134 277 4198 possit,
297 4148 374 4186 sensu
396 4142 441 4186 snt
457 4135 534 4199 nullo,
556 4141 601 4185 aut
640 4135 854 4186 inlin'l’hnsno.
