2694 4710
116 285 203 350 1082
439 298 554 347 arun.
576 300 625 346 oe
650 300 766 346 noan.
789 297 898 347 rear.
984 315 986 320 ,

117 441 249 507 dividit.
267 479 269 482 >
292 438 449 505 Harum⁶
471 460 572 504 unam
593 440 796 523 imperitiam
810 440 971 516 nominat,
987 438 1112 525 aliam⁷
1129 439 1220 505 insu·

117 546 208 609 niam
222 549 340 608 vocat:
364 552 398 607 et
422 543 599 625 imperitiae
620 542 773 606 morbum
792 561 837 604 ex
861 540 1010 623 gloriosa
1026 540 1218 622 jactatione

116 643 324 727 contingere,⁸
339 665 413 709 cum
427 664 552 720 eorum,
568 663 706 726 quorum
722 645 854 726 ignarus
866 649 932 719 est,
954 641 1142 705 doctrinam
1155 642 1218 706 ali-

118 747 192 828 quis
207 747 473 828 scientiamque⁹
489 745 643 810 mentitur
654 753 684 809 :¹
712 744 856 808 furorem
872 763 952 808 vero
973 743 1123 825 pessima
1138 761 1219 806 con-

118 847 295 911 suetudine
307 852 341 911 et
355 845 564 917 libidinosu²
586 847 658 911 vita
674 845 779 910 solere
794 846 939 909 evenire.
984 844 1153 925 Hancque
1168 846 1220 909 in-

31 998 33 1002 .
117 949 244 1012 suniam
257 948 433 1025 nominari,
460 967 561 1030 qnam
586 949 710 1012 vitiosa
733 947 881 1030 qualitas
905 947 1055 1029 corporis
1078 946 1218 1029 prodit,³

118 1069 195 1119 cum
210 1069 263 1124 ea,
279 1068 357 1132 quae
368 1056 445 1113 sunt
455 1050 600 1118 rationi4
610 1055 728 1132 parata
739 1051 774 1112 in
785 1051 862 1131 ipso
870 1048 1008 1124 vertice,
1017 1048 1220 1129 importunis

119 1149 281 1230 angustiis
293 1156 305 1194 ⁵
321 1157 543 1214 coarctantur.
559 1140 566 1153 ³
591 1149 638 1213 At
649 1150 741 1213 enim
755 1157 836 1213 tunc
850 1146 1043 1213 hominem⁶
1057 1167 1135 1210 esse
1144 1166 1221 1228 per-

118 1248 255 1326 fectum,
272 1268 348 1313 cum
363 1251 477 1314 anima
489 1256 523 1314 et
536 1259 681 1332 corpus⁷
707 1251 881 1334 aequaliter
904 1250 998 1332 [593]
1019 1249 1220 1332 copulantur

118 1359 152 1415 et
164 1353 247 1415 inter
262 1370 298 1414 se
314 1350 522 1428 conueniunt,
536 1353 665 1435 sibique
680 1351 915 1437 respondent:t
928 1358 967 1415 ut
977 1351 1116 1414 firmitas
1127 1368 1221 1412 men·

118 1452 163 1516 tis
179 1453 439 1535 praevalentibus
455 1456 604 1537 corporis
616 1456 744 1520 viribus
755 1474 819 1518 non
834 1455 878 1518 sit
891 1453 1039 1518 inferior.
1082 1449 1220 1534 Corpus

119 1641 217 1689 maram
227 1629 327 1678 alteram
337 1634 405 1680 vacat
417 1631 592 1693 Ignorantiam,
610 1632 711 1680 alterum
726 1629 834 1681 nominat
852 1631 1012 1680 Dnnentiam.
1046 1629 1137 1692 Aitqee
1146 1626 1220 1690 ‹egri-

119 1692 225 1740 tudinem
236 1694 385 1753 Ignorantia
395 1696 499 1743 accidere
509 1710 540 1744 ex
553 1695 652 1757 superba
669 1698 835 1759 attentatione,
855 1698 946 1759 qnando
962 1694 1047 1758 aliquia
1060 1693 1127 1753 faico
1136 1705 1222 1756 prate

114 1754 168 1813 sert
180 1757 337 1816 cognitionem
348 1773 436 1818 earnem,
445 1774 497 1820 qua
508 1761 591 1808 nand.
624 1760 776 1809 Dementiam
786 1766 865 1809 antem
875 1763 951 1809 calere
960 1760 1096 1819 contingere
1105 1772 1137 1806 ex
1151 1756 1223 1805 malie

121 1819 234 1880 mambae,
244 1826 269 1869 et
287 1823 339 1869 uita
348 1821 480 1871 baurim.
513 1827 593 1887 Atque
603 1837 655 1871 eam
673 1825 788 1887 oppedam
801 1825 932 1881 ineuntem,
943 1839 1013 1886 quam
1024 1827 1135 1884 coempta
1146 1819 1224 1883 qnali-

119 1886 159 1931 tao
168 1885 275 1946 corporis
284 1886 438 1945 annonabat,
457 1889 550 1949 qnando
567 1887 679 1936 nimirum
694 1903 732 1948 ea,
741 1903 793 1950 qua
803 1894 859 1936 eant
868 1894 1004 1952 praeparata
1016 1885 1125 1947 Rationi,
1135 1886 1160 1932 in
1172 1886 1222 1946 ipra

119 1948 198 2009 eapite
208 1949 470 2011 eobcenturungantiir
480 1951 591 2000 manau.
630 1952 717 2000 Verum
727 1957 784 2000 tane
795 1954 888 2000 mnam
899 1952 1015 2000 bominem
1024 1964 1073 1998 esee
1079 1948 1223 2012 perfectam,

120 2013 212 2072 qnando
223 2014 312 2061 Anima
322 2018 346 2062 et
365 2015 594 2077 Corprujuaguntnr
605 2030 636 2065 ea
647 2029 724 2078 oeqno,
741 2021 766 2064 et
779 2016 929 2065 cantentiant
945 2016 1010 2064 inter
1025 2029 1060 2076 ae,
1071 2029 1098 2062 ae
1109 2013 1154 2061 ribi
1165 2015 1223 2061 eunt

116 2077 390 2140 immaturitatem
408 2079 492 2128 Animi
508 2079 582 2128 ratur
599 2094 647 2129 non
664 2082 732 2128 cedat
748 2080 828 2128 robori
846 2079 951 2143 eorporis
969 2079 1123 2142 exsuperanti
1134 2079 1222 2139 iprum.

577 2241 758 2263 mm

121 2349 139 2393 6
154 2343 199 2392 Sic
210 2343 275 2390 Mes.
309 2341 341 2390 Iu
353 2340 420 2390 Edd.
432 2344 494 2388 ente
506 2340 623 2389 Elmeuh.
635 2352 744 2403 quaram.
761 2340 852 2391 ld.-t
863 2340 906 2391 At.
916 2343 1073 2392 alteram-8
1083 2343 1158 2391 Voss.
1169 2357 1224 2392 ean·

121 2409 207 2468 tigere.
225 2406 345 2456 Oua-o
361 2405 405 2454 Sic
421 2404 566 2468 elegantiae
582 2404 654 2454 edidi
670 2419 728 2454 cum
749 2405 823 2454 Harl.
837 2406 909 2455 Voss.
925 2407 1024 2455 Bened.
1041 2406 1118 2468 rrrlgo
1135 2406 1224 2468 aliquio

120 2473 196 2520 daetr.
229 2469 300 2519 Ante
312 2470 585 2530 vateau.rtmpttctter
596 2484 719 2518 exectum
732 2478 789 2518 erat
799 2469 931 2519 seientiam.
947 2469 1036 2520 ld.-l
1051 2471 1144 2519 Betae.
1157 2472 1223 2520 Exc.

119 2535 226 2594 metitur,
238 2537 313 2584 male.
330 2534 441 2583 Elmenlt.
474 2533 541 2581 Item
559 2534 661 2583 Bened.
681 2536 795 2583 Orod-2
812 2536 886 2583 Voss.
903 2534 1012 2583 libinose.
1046 2535 1099 2582 Pro
1119 2536 1224 2598 dantque

65 2629 69 2637 ·
119 2600 389 2661 iuuentutemque.
406 2598 496 2645 lde-3
513 2598 608 2658 Inepte
620 2598 740 2646 Floridus
750 2598 940 2660 interpretetur
953 2611 999 2660 per
1015 2598 1199 2648 ‘demonstret
1207 2597 1224 2646 ε’

121 2676 180 2713 eum
192 2670 266 2711 notet
278 2663 356 2725 perit,
367 2666 450 2721 creat,
462 2661 592 2721 producit.
626 2661 694 2710 Vide
706 2661 737 2709 ed
750 2662 818 2711 Met.
830 2662 874 2709 lib.
886 2676 905 2709 1.
922 2678 948 2724 p.
960 2665 1000 2711 11.
1014 2661 1039 2710 b.
1051 2671 1078 2711 et
1090 2663 1161 2711 alibi.
1192 2663 1224 2711 Iu

120 2725 221 2775 Beued.
237 2739 300 2774 vero
319 2733 361 2773 eet
378 2739 437 2788 qua:
454 2723 514 2771 dein
527 2725 553 2773 in
569 2723 661 2774 ecdem
675 2733 702 2773 et
717 2725 792 2774 Harl.
810 2740 841 2773 ac
858 2727 935 2774 Vuic.
948 2726 1047 2787 prodiit.
1081 2725 1150 2774 Edu.
1161 2735 1224 2776 ante

119 2791 231 2838 Vulcen.
247 2789 361 2851 prodidit.
396 2789 437 2835 Au
449 2800 502 2848 qtae
513 2802 536 2837 o.
547 2804 568 2837 c.
580 2788 695 2850 qualitate
707 2789 789 2850 prodit
801 2791 841 2837 rel
852 2790 941 2850 prodiit
953 2803 969 2836 a
977 2790 1091 2851 prodiret
1124 2790 1224 2838 Eodem

121 2853 250 2902 ronredit.
287 2853 393 2902 Vitricra
405 2851 541 2902 EdRorn.
558 2851 650 2901 Ia-‹t'
664 2853 949 2915 Hartman-mane.
977 2854 1050 2904 Vaen.
1068 2856 1225 2916 aequarat.

120 2916 291 2968 aunt.1d.—-i5
309 2919 423 2967 Puteau.
442 2915 516 2963 Harl.
535 2915 603 2965 Edd.
624 2923 685 2966 aute
701 2917 812 2965 Vulcan.
826 2917 933 2965 unaitiir.
953 2915 1043 2966 tn-o
1060 2918 1136 2967 Harl.
1147 2919 1223 2968 Voss.

120 2981 182 3030 bant.
193 2987 257 3031 tuac.
273 2981 365 3030 ld.-t
384 2981 497 3030 Floreat.
508 2981 621 3044 conperit,
634 2981 710 3029 male.
723 2981 883 3030 Himeram—8
894 2981 996 3032 Beued.
1006 2981 1079 3038 natio,
1091 2995 1223 3046 suprascr.

618 3111 726 3161 NOTAE

153 3215 212 3265 ‘At
227 3217 290 3266 enim
307 3223 362 3268 tuae
372 3218 488 3267 ioannem
498 3233 547 3267 eote
560 3217 652 3280 persea·
693 3215 757 3265 deue
770 3213 871 3279 pusillae
888 3215 1107 3279 exiliqueeniraae
1119 3219 1225 3279 copule·

122 3299 183 3352 tura,
207 3308 260 3341 eam
282 3293 405 3345 animant
424 3309 509 3356 corpur
529 3287 653 3357 aqualiter
693 3298 745 3348 tur,
757 3305 828 3340 tuum
840 3292 934 3340 molem
948 3291 1100 3353 adaugebit,
1113 3293 1227 3342 animum

121 3370 259 3432 cominatur
276 3374 300 3418 et
315 3370 378 3419 inter
394 3385 418 3419 ee
433 3372 583 3431 eunomiani,
593 3370 652 3418 etat-
692 3383 756 3417 vero
771 3367 866 3416 reddet
884 3367 1014 3429 hebetem,
1030 3366 1180 3431 indocilem,
1197 3374 1225 3418 et

120 3460 165 3508 que
182 3444 333 3509 respondent]
357 3447 434 3508 Nam,
453 3452 483 3495 ut
506 3445 543 3494 ult
565 3445 652 3506 Plato,
693 3444 855 3494 obliviosum.
889 3442 973 3505 Igitur
991 3440 1033 3502 ain
1053 3442 1106 3490 ἐστὶ
1128 3441 1225 3508 (inquit

121 3521 223 3585 quaudo
236 3522 321 3569 anima
338 3535 447 3584 corpore
458 3519 596 3569 admodum
608 3535 652 3583 po·
693 3516 783 3584 Pluto)
802 3517 905 3583 σωτηρία
928 3517 985 3583 πρὸς
1001 3516 1079 3581 ἄμφω,
1097 3517 1160 3579 μήτε
1179 3520 1225 3578 τὴν

122 3596 279 3658 tentionem,
294 3596 396 3645 exultat
405 3595 429 3644 in
443 3609 473 3645 eo
485 3603 564 3659 etque
576 3594 652 3644 effer·
692 3596 772 3660 ψυχὴν
789 3596 844 3646 ἄνευ
860 3596 967 3657 σώματος
984 3599 1064 3653 κινεῖν,
1081 3595 1143 3657 μήτε
1157 3599 1225 3658 σῶμα

123 3679 177 3734 tur,
188 3680 215 3720 et
228 3680 310 3721 totum
322 3673 407 3736 ipsum
426 3672 579 3721 iutrirnecue
590 3687 652 3736 que·
671 3717 675 3723 .
693 3672 749 3722 drea
769 3675 855 3735 ψυχῆς·
873 3672 913 3721 ira
936 3672 1072 3732 ἆμυνομένω
1094 3670 1225 3733 γίγνωνται

123 3748 481 3811 tieuslaaguoribusimplet.
515 3748 542 3796 Si
551 3748 652 3797 discere
693 3748 856 3813 ἰσοῤῥόπωκαὶ
874 3749 936 3809 ὑγιᾶ.
952 3750 1072 3798 ‘tranent
1088 3750 1225 3813 utriusque

123 3833 168 3883 eut
179 3824 275 3874 docere
284 3823 422 3872 ambitiose
430 3823 540 3888 quadem
548 3838 653 3874 concer-
693 3828 864 3888 conservatio,
875 3839 958 3890 neque
975 3826 1085 3874 animaru
1099 3825 1155 3873 eine
1166 3840 1225 3874 cor·

123 3902 222 3950 tatione
244 3900 391 3962 contendit,
415 3899 552 3963 liquefacit
566 3898 654 3964 proti·
692 3915 756 3965 pore
768 3915 882 3961 movere,
898 3915 980 3965 neque
992 3917 1086 3964 corpus
1098 3902 1153 3950 eine
1169 3902 1226 3951 uni·

124 3990 181 4032 uus,
193 3985 238 4026 ειη
255 3977 397 4026 inflammat
408 3992 510 4041 corpur,
525 3984 602 4042 etque
615 3979 653 4026 la·
692 3991 746 4026 ma:
763 3983 836 4025 ntea
848 3977 953 4025 intense
965 3977 1149 4027 contendentla
1159 3977 1225 4027 fiant

124 4049 248 4100 befnctut.
286 4054 383 4102 Contra
409 4067 482 4115 vero,
508 4053 529 4102 ei
557 4067 652 4116 corpur
692 4052 893 4117 aequipollentia,
905 4059 933 4102 et
942 4052 1022 4103 sana?

125 4125 223 4190 grande
241 4140 272 4176 ac
289 4127 396 4190 pigriori
412 4128 478 4177 mole
495 4141 652 4192 superexce-
