2694 4710
171 305 257 392 1066
489 316 603 364 arun.
628 317 677 363 nn
700 317 818 366 noan.
842 317 949 364 enar.

168 465 337 530 bominum
351 469 470 527 nutura
491 462 641 545 profecto
664 460 820 544 majores.
863 461 930 525 Sed
952 460 1093 524 omnia*
1112 478 1192 544 quse
1208 480 1270 526 na·

170 566 328 643 turalitcr,
344 571 377 628 ct
392 572 573 648 propterea
587 568 676 627 recte
697 562 856 639 seruntur,
879 562 1098 646 providentiae
1115 564 1273 653 custodis

170 669 411 749 gubernantur:
434 686 494 730 nec
509 665 611 730 ullius
636 665 719 729 mali
745 683 852 730 causa
879 665 953 727 Deo
979 663 1100 744 poterit
1125 657 1272 727 ascribi.¹

172 766 304 846 Quare⁵
327 768 389 831 nec
404 764 539 831 omniu⁶
561 765 605 830 ud
627 766 689 830 fati
711 771 835 830 sortem
858 766 1058 851 arbitratur⁷
1080 785 1154 828 esse
1183 765 1271 828 rese·

170 869 299 934 τοιιᾱοι.8
333 871 390 936 Ita
404 865 620 932 enim'definit
633 887 641 931 :
656 866 907 931 Providentiam
922 883 997 928 esse
1012 864 1180 928 divinam⁹
1195 884 1272 928 sen-

171 971 319 1048 tentiam,
345 963 647 1034 conservatricemk
672 966 902 1050 prosperitatis
926 964 1013 1047 ejus,
1040 963 1138 1046 cujus
1165 983 1273 1030 causa

169 1071 236 1135 tale
260 1071 426 1155 suscepit¹
453 1067 615 1134 officium:
640 1067 786 1132 divinam
815 1068 925 1148 legem
953 1084 1030 1128 esse
1059 1065 1190 1150 Fatum,
1214 1086 1273 1149 per

170 1169 281 1254 quod¹
304 1171 515 1237 inevitabiles
538 1170 780 1252 cogitationes²
807 1168 872 1234 Dei
897 1172 995 1250 atque
1021 1167 1154 1247 incepta
1179 1185 1274 1229 com-

170 1272 314 1354 plentur.
339 1272 438 1336 Unde
450 1273 479 1335 si
491 1271 570 1355 quid
581 1270 798 1354 providentia
813 1270 959 1351 geritur,3
976 1267 1010 1330 id
1027 1267 1274 1347 agitaretiam⁴

157 1468 266 1526 ‚usim
276 1471 301 1514 et
310 1465 464 1530 habitatione,
480 1472 504 1516 et
515 1466 614 1526 αι’νέοοο,
628 1464 761 1528 superiores
776 1470 840 1514 certe
849 1463 981 1513 hanina
992 1478 1023 1513 ess
1038 1443 1081 1512 usa
1096 1469 1192 1512 καίοιτο.
1225 1462 1275 1512 Ast

171 1528 254 1577 ¹errrrcta
266 1545 318 1591 quse
329 1537 451 1581 moventur
458 1532 601 1580 naturaliter
612 1545 640 1577 aa
650 1528 824 1593 perinde-bene,
833 1533 950 1589 reguntur
961 1529 1036 1575 tutata
1047 1528 1221 1588 Providentiae,
1233 1543 1276 1576 ne·

171 1605 214 1653 que
223 1607 292 1642 eausa
303 1595 374 1642 uilius
385 1596 441 1643 mali
454 1596 542 1656 poterit
552 1593 654 1641 attribui
665 1593 727 1640 Deo.
762 1594 912 1655 Quapropter
925 1607 972 1639 non
986 1597 1056 1653 putat
1067 1607 1154 1653 quoque
1163 1591 1276 1640 urriuersa

171 1667 220 1703 esse
231 1657 354 1715 ”suenda
368 1660 399 1706 ad
407 1660 501 1708 decreta
513 1659 634 1706 Fatorum.
670 1657 733 1704 Nam
743 1655 779 1704 ita
789 1657 886 1721 definit:
904 1655 1085 1703 Prouidentiam
1096 1670 1145 1703 esee
1154 1657 1275 1703 decretm

172 1717 229 1776 Dei,
240 1723 300 1780 quod
311 1726 390 1769 tuetur
400 1722 584 1770 incolumitatem
594 1720 660 1769 itlius
672 1720 717 1779 rei,
726 1724 823 1782 propter
832 1734 902 1783 quarn
912 1718 999 1780 recepit
1013 1721 1044 1766 ad
1059 1732 1083 1766 re
1097 1719 1158 1766 iilud
1173 1732 1273 1766 munus:

173 1781 303 1832 Decretum
314 1785 364 1832 Dei
372 1799 420 1833 esse
432 1786 529 1842 Fatum,
540 1798 584 1845 qua
597 1783 758 1832 ineluctabiles
767 1785 891 1832 sententiae
900 1788 924 1831 st
932 1787 1039 1843 suscepta
1050 1783 1100 1830 Dei
1109 1782 1276 1846 perficiuntur.

174 1845 315 1910 Ideoque,si
325 1848 418 1910 aliquid
426 1849 461 1913 fit
478 1862 494 1896 ο
510 1847 676 1910 Prouidentia,
689 1846 790 1911 itludflt
803 1847 877 1896 etiarn
894 1861 910 1895 ο
924 1847 1001 1896 Fato:
1018 1851 1043 1895 et
1053 1848 1114 1908 quod
1125 1846 1250 1910 perficitur
1260 1861 1276 1893 a

630 2007 644 2027 θ
647 2005 813 2028 ”neuun

173 2115 242 2166 Vide
254 2119 285 2166 sd
298 2120 366 2168 Met.
379 2121 396 2168 l.
410 2134 439 2169 x·
450 2121 506 2170 init.
522 2121 653 2182 ἀσκῆσαι,
665 2121 711 2170 sed
722 2128 750 2169 et
760 2119 896 2170 lanceam)
913 2117 1002 2168 Id.-4
1019 2118 1095 2166 Voss.
1108 2117 1208 2168 Bened.
1224 2119 1276 2172 Dii.

174 2181 249 2230 Harl.
266 2185 288 2229 si
308 2199 369 2230 omn.
387 2184 477 2232 ld-o
495 2186 548 2231 Pro
565 2199 639 2245 quare
655 2185 754 2234 Bened.
773 2199 880 2246 quarum.
897 2185 989 2231 Iri-o
1006 2183 1122 2237 Pessime
1140 2192 1167 2231 et
1182 2193 1277 2233 contre

175 2251 286 2292 mentem
296 2246 412 2294 Platonis
425 2254 452 2294 et
463 2246 584 2295 Auctoris
597 2247 665 2295 Edd.
682 2255 743 2295 aute
755 2247 867 2296 Vulcsu.
880 2254 977 2308 prester
989 2246 1038 2294 Ed.
1050 2247 1125 2295 lunt.
1138 2256 1235 2308 poster.
1247 2258 1277 2297 et

174 2308 315 2370 marginem
334 2310 394 2356 Bas.
411 2323 462 2358 sec.
481 2310 581 2358 babent
597 2311 648 2358 liter
667 2313 754 2359 ornata.
771 2311 862 2360 lde-⁷
879 2309 979 2358 Bened.
992 2310 1091 2368 sortem.
1125 2310 1193 2359 Edd.
1214 2321 1276 2360 snte

173 2372 281 2419 Vulcsn.
292 2373 447 2421 arbitrantur.
463 2374 556 2422 Id.-8
572 2373 746 2434 Esseferendu.
768 2375 862 2424 Scribe
870 2388 903 2422 ex
915 2375 967 2422 Ms.
979 2373 1108 2431 reserenda.
1121 2376 1289 2425 Wowenusp

175 2435 275 2484 Recte:
294 2451 352 2484 nem
372 2451 461 2485 sensus
478 2438 526 2486 boc
541 2440 664 2499 postulet,
676 2446 704 2487 et
717 2439 843 2488 Fulviauo
856 2438 959 2486 accedit
977 2440 1120 2485 auctoritas
1129 2439 1277 2488 Mariorum

175 2497 291 2548 Florent.
304 2502 379 2550 Voss.
399 2501 471 2550 Harl.
507 2503 573 2564 Peg.
591 2506 649 2551 2⁰6.
665 2502 674 2530 ‘
684 2517 734 2552 nec
751 2517 813 2550 enne
832 2501 918 2550 omnia
937 2499 1074 2548 referenda
1092 2503 1123 2548 ad
1137 2503 1186 2549 viru
1200 2502 1248 2551 fati
1260 2505 1278 2552 :’

172 2563 250 2625 ⁴vulgo
258 2564 369 2622 saeida
388 2564 508 2614 oud—9
527 2566 586 2614 Hae
605 2566 696 2614 ordine
714 2581 791 2614 voces
802 2567 848 2613 has
860 2565 930 2613 edidi
941 2580 999 2612 cum
1012 2565 1076 2613 Mes.
1089 2570 1115 2612 et
1128 2565 1194 2613 Edd.
1214 2575 1277 2616 aute

172 2627 284 2676 Vulcsn.
298 2628 396 2691 nequis
412 2627 561 2676 ‘divinam'
579 2627 678 2677 referat
689 2631 720 2677 sd
744 2628 968 2690 ‘providentium'
1002 2630 1100 2677 Auctor
1118 2630 1173 2677 vult
1190 2631 1277 2692 prori-

172 2689 287 2738 dentism
300 2706 357 2739 esse
366 2693 520 2740 sententiam
533 2691 646 2741 divinam
657 2694 710 2740 sire
721 2693 784 2741 Dei.
800 2693 887 2741 lod-1
907 2692 974 2741 Edd.
987 2700 1048 2741 ante
1060 2693 1165 2741 Vulcau.
1178 2702 1278 2756 praeter

173 2753 254 2802 Besil.
267 2768 319 2804 sec.
329 2755 435 2817 suscipit,
451 2755 542 2804 ltu-2
560 2755 661 2805 Bened.
676 2770 719 2820 per
730 2770 799 2819 quom
810 2758 872 2805 ineo.
884 2757 1036 2816 agitationes.
1070 2759 1145 2804 Voss.
1159 2759 1278 2818 cognitio·

174 2817 331 2867 nes.1d.-—8
350 2819 390 2868 Al.
409 2819 550 2881 agana-a
567 2821 643 2870 Voss.
659 2820 760 2870 Bened.
778 2825 809 2869 et.
842 2820 892 2868 Ed.
903 2821 977 2871 dunt.
995 2822 1146 2884 posterum
1155 2825 1186 2870 et.
1205 2822 1278 2873 Oud.

666 2964 776 3016 NOTAE

176 3074 414 3136 Medioxrrrnl,'&c.
437 3077 525 3148 Graeci
536 3075 645 3138 deiparae
660 3091 704 3140 ep·
744 3075 813 3128 πάντ’
833 3078 885 3126 ἐστὶ
904 3074 1087 3138 συντεταγμένα.
1120 3078 1212 3139 6Ειιαι,
1231 3081 1279 3143 qui

175 3153 282 3217 pellant.
314 3151 382 3200 Vide
411 3153 548 3202 Platonem
576 3154 602 3202 in
629 3153 703 3218 Sym·
745 3155 793 3204 toti
810 3155 939 3218 providet,
959 3154 992 3203 ad
1010 3154 1131 3203 virtutem
1154 3155 1279 3202 salutem-

176 3228 261 3292 porio·
747 3246 797 3292 que
826 3231 906 3280 totius
936 3230 1021 3278 omniu
1047 3228 1184 3279 ordinere!
1222 3232 1275 3279 Ms.

206 3302 214 3336 ¹
232 3303 282 3352 Ner
303 3302 374 3350 ullius
390 3302 448 3350 moti
462 3317 533 3351 οαοοο
549 3302 602 3352 Dea
615 3303 704 3367 poterit
745 3309 842 3355 Thura.
857 3307 937 3356 hebet
953 3307 1136 3355 Prouidentiam
1149 3322 1199 3357 esse
1212 3307 1277 3356 diui-

66 3399 76 3420 ·
175 3376 273 3440 αοαοίὸέ]
291 3377 378 3438 Plato,
389 3377 422 3424 de
438 3377 541 3440 Repnb.
560 3378 604 3427 lib.
623 3392 654 3430 ιι.
665 3377 705 3428 καὶ
744 3398 799 3432 nani
810 3386 958 3432 sententiam.

177 3456 225 3504 τῶν
234 3455 279 3514 μὶν
289 3453 381 3513 ἀγαθῶν
396 3450 480 3500 οὐδένα
489 3451 567 3500 ἄλλον
581 3451 705 3504 αἰτιατέον·
747 3501 751 3506 ,
770 3457 902 3508 ¹Diar'nara
912 3461 987 3518 legem
995 3473 1046 3506 esse
1057 3459 1201 3520 Fatum,per
1209 3462 1279 3522 quod,

177 3533 225 3578 τῶν
245 3527 271 3577 δὲ
290 3532 367 3577 κακῶν
383 3525 437 3577 ἄλλ’
456 3525 520 3577 ἅττα
535 3531 571 3577 δεῖ
584 3527 665 3590 ζητεῖν
674 3529 706 3579 τὰ
746 3535 800 3599 tu]
822 3537 913 3584 Fatum
933 3534 971 3582 ric
993 3532 1139 3581 deliniebat
1156 3534 1278 3596 Chrysip·

178 3605 250 3669 αέτια,
267 3603 320 3653 ἀλλ’
336 3605 363 3652 ot
380 3604 423 3652 τον
437 3602 498 3653 θεόν.
516 3610 561 3654 ‘et
580 3606 705 3655 bonorum
746 3624 804 3673 pus,
816 3616 843 3659 et
859 3610 902 3658 alii
912 3610 1003 3669 Stoici,
1017 3607 1145 3658 referente
1161 3608 1280 3673 Laertio,

177 3681 281 3746 quidern
299 3683 382 3730 nullus
399 3681 464 3729 alius
479 3686 571 3730 auctor
582 3681 705 3731 dicendus
746 3686 773 3735 in
786 3687 899 3735 Zenonis
913 3685 1003 3736 Clttiei
1016 3685 1091 3734 Vite:
1106 3683 1191 3733 ἔστιδὲ
1200 3687 1279 3749 alpap-

178 3764 236 3807 est:
248 3758 370 3806 malorum
378 3771 440 3806 vero
450 3757 614 3826 sliaeanaevis
622 3771 637 3805 s
646 3759 705 3809 Deo
746 3758 805 3824 μένη
816 3760 879 3810 αἰτία
892 3763 941 3810 τᾶν
957 3758 1032 3808 ὄντων
1042 3759 1158 3824 εἰρομένη,
1174 3761 1190 3819 ἦ
1202 3762 1278 3823 λόγος

178 3845 262 3880 0³⁰⁸ae
274 3832 419 3896 qtiaerendae
433 3830 512 3879 suni!
745 3839 795 3887 καθ’
804 3836 854 3886 tut
865 3835 952 3896 adapes
962 3834 1102 3897 διεξάγεται.
1118 3837 1228 3885 ‘Fatum
1237 3847 1280 3887 est

177 3943 181 3950 .
209 3905 221 3938 ¹¹
238 3907 417 3955 Prouidentiam
428 3921 478 3955 esse
492 3905 596 3956 divinam
611 3913 704 3957 senten·
745 3927 862 3962 conuexa
873 3925 958 3961 rerum
971 3925 1058 3970 cansa,
1070 3912 1125 3959 sive
1138 3912 1214 3975 ratio,
1228 3927 1278 3974 per

175 3980 702 4045 tiam‚eonsereatrieem,tre.]Plat0,lib.x.
744 4001 820 4050 quam
839 3986 946 4034 mundus
963 3986 1177 4042 administratur!
1209 3988 1278 4038 Vide

177 4055 209 4105 de
222 4056 286 4117 [ες.
296 4058 326 4106 ὡς
337 4059 371 4118 τῷ
381 4059 424 4106 τοῦ
434 4057 524 4107 παντὸς
533 4058 705 4120 ἐπιμελουμένῳ
744 4061 817 4112 Plut.
830 4061 873 4110 De
885 4061 959 4120 Fato.

176 4129 234 4194 πρὸς
249 4129 293 4190 τὴν
310 4132 426 4198 σωτηρίαν
443 4133 483 4184 καὶ
500 4133 585 4198 ἀρετὴν
594 4135 638 4183 τοῦ
649 4134 707 4184 ὅλον
