2694 4710
119 280 207 345 1044
372 272 377 281 ’
438 296 551 345 arun.
578 297 626 343 nn
651 297 766 346 nocrr.
790 297 899 344 enar.

119 441 240 516 Deum,
264 445 298 503 et
324 438 516 515 Materiam,
546 457 722 521 rerumque
749 438 901 516 Formas,
920 457 1007 522 quas
1030 436 1104 513 ἰδέας
1131 440 1222 506 idem

119 546 230 618 vocat,
245 541 463 618 inabsolutas,
478 540 572 623 [572]
594 540 765 618 informes,
779 541 871 606 nulla
894 539 1035 623 specie8
1058 560 1123 604 nec
1141 562 1222 624 qua·

117 642 225 706 litatis
247 642 491 724 significatione
513 640 700 705 distinctas.
744 640 811 705 Sed
835 641 909 704 haec
928 640 970 704 de
996 640 1074 705 Deo
1093 643 1223 717 sentit,l

119 743 232 828 quod⁹
247 745 292 808 sit
305 746 533 826 incorporeus.
578 743 616 808 Is
630 761 731 821 unus,
746 743 806 818 ait,
821 739 1029 827 drrplperpm)
1043 760 1222 825 rerumque

118 846 254 927 genitor,
268 864 443 927 rerumque
460 847 607 908 omnium
620 851 829 920 exornator,p
843 844 964 908 beatus
979 853 1014 908 et
1027 843 1239 921 merificus„

118 947 281 1028 optimus,
294 946 376 1010 nihil
386 946 545 1028 indigens,
559 947 635 1028 ipse
650 946 826 1011 conserens
840 952 974 1010 cuncta.
1018 943 1132 1022 Quem
1148 946 1222 1028 qui·

118 1048 196 1111 dem
221 1047 392 1111 coelestem
407 1049 623 1129 pronuntiat,²
639 1047 810 1125 indictum,
825 1048 1114 1124 innominabilem,
1130 1055 1168 1112 et
1183 1053 1219 1112 ut
1268 1129 1269 1135 ἵ

119 1149 187 1212 ait³
204 1148 288 1230 ipse,
303 1146 430 1232 ἅῤῥητον,
445 1147 753 1229 tauromenum
776 1149 875 1230 cujus
895 1156 1049 1228 naturam
1069 1146 1221 1212 invenire

119 1248 253 1312 difficile
268 1257 340 1329 est3
363 1251 393 1315 si
414 1253 550 1316 inventa
575 1255 630 1329 sit,
653 1251 688 1314 in
714 1251 838 1315 multos
862 1269 936 1314 eam
961 1250 1128 1314 enuntiari
1152 1269 1220 1313 non

119 1425 210 1485 Deum,
222 1427 361 1491 Materiam,
371 1435 395 1476 et
406 1430 508 1478 Pennus
517 1443 607 1488 rerum,
618 1444 678 1490 quus
687 1430 738 1491 ipse
748 1430 850 1491 appellet
862 1429 940 1488 Idem,
949 1428 1108 1489 imperfietes,
1119 1430 1223 1477 mdum

112 1491 241 1552 sementes,
250 1494 316 1541 uum
324 1495 400 1555 specie
411 1509 425 1541 o
436 1509 460 1542 se
471 1495 571 1542 inuicem
581 1494 715 1552 distinctos,
724 1508 797 1555 neque
809 1496 856 1542 utto
866 1493 1001 1541 cdmuetm
1011 1493 1144 1554 qualitatis.
1179 1493 1222 1541 Ve-

120 1568 174 1602 rum
190 1555 239 1603 ltaec
250 1561 306 1605 sunt
323 1572 375 1620 quoe
390 1558 499 1619 opinetur
516 1561 545 1606 de
556 1558 619 1615 Deo,
635 1573 687 1605 eum
697 1572 794 1619 corpore
804 1572 891 1606 curere.
925 1557 971 1604 lite
989 1558 1052 1605 solus
1061 1556 1168 1620 (inquit)
1179 1557 1222 1603 im·
1264 1599 1265 1602 ,

119 1633 212 1666 mensus
220 1625 265 1680 est,
276 1625 402 1681 productor
416 1636 505 1683 rerum,
512 1622 608 1669 trudens
619 1623 649 1669 nd
664 1636 689 1670 se
699 1621 862 1680 eunctmselie
872 1626 896 1670 et
906 1621 993 1680 felices
997 1621 1102 1680 jaciens,
1111 1621 1223 1682 optimus,

118 1682 253 1731 astitisset
264 1698 343 1745 egens,
355 1685 517 1747 largiemipse
527 1687 612 1733 omnio.
649 1687 725 1740 Quem
735 1687 838 1750 affirmet
849 1686 941 1747 quidem
957 1700 1006 1733 esse
1021 1686 1223 1744 celeusmatis

119 1745 223 1794 elutione
232 1753 274 1796 eut
285 1749 377 1796 nomine
388 1750 508 1809 designari
517 1763 598 1811 posse:
616 1755 639 1797 et
650 1764 708 1809 esse,
720 1756 746 1797 ut
756 1752 806 1811 ipse
816 1750 1004 1808 dieit,t‘rrdictum
1015 1748 1223 1799 innominabilem:

119 1810 187 1870 crpus
195 1811 291 1874 drffieile
302 1817 336 1860 est
354 1826 491 1872 cognoscere
503 1818 630 1861 naturum:
646 1828 749 1875 eumque,
759 1814 781 1861 si
798 1814 829 1861 sit
841 1814 945 1874 cognitu,
955 1828 1001 1860 nort
1018 1827 1085 1875 posse
1097 1812 1184 1876 efferri
1199 1813 1224 1862 t'rt

121 2064 202 2112 quare
221 2052 353 2100 arbitratur
374 2055 501 2103 revocari.
519 2055 606 2102 lit-8
623 2056 675 2103 Pro
694 2055 787 2116 speciei.
821 2051 890 2100 Vide
904 2051 979 2110 Aqel.
997 2049 1041 2097 lib·
1056 2063 1095 2098 rx·
1113 2065 1172 2112 cap.
1186 2056 1223 2100 rt.

119 2113 209 2162 Bront.
244 2115 321 2163 Nullo
330 2131 364 2177 sp.
375 2131 425 2164 nee.
437 2118 501 2164 Mus.
512 2119 626 2166 Florent.
638 2119 710 2166 Frrlv.
721 2119 795 2164 Voss.
808 2115 908 2163 Bened.
921 2115 996 2162 Harl.
1012 2114 1077 2161 Edu.
1097 2116 1162 2162 Elm-
1175 2119 1224 2163 &c

119 2191 198 2239 quare
208 2176 233 2225 id
245 2179 349 2227 retinui.
379 2180 431 2226 Alii
443 2194 468 2227 n.
478 2195 514 2240 sp.
526 2183 562 2228 eet
576 2196 625 2243 quo
638 2195 714 2228 sensu
725 2180 801 2242 speeie
813 2178 882 2226 foret
894 2180 1040 2227 Genitivus.
1058 2179 1129 2225 Vide
1141 2180 1224 2226 Bran·

118 2241 182 2289 tium
196 2248 223 2288 et
235 2255 280 2289 nos
293 2256 378 2304 supra
397 2245 509 2292 ond-9
526 2244 700 2306 Benedqut'o.
724 2243 774 2292 Ed.
786 2244 860 2294 Junt.
874 2249 943 2302 post.
959 2244 1108 2304 incorporeus
1123 2243 1224 2304 isumus,

120 2310 153 2368 et,
165 2310 191 2353 ut
202 2305 247 2354 uit.
265 2306 354 2356 let-1
371 2307 441 2356 Flor.
459 2306 581 2372 ἐπίμετρος
594 2324 716 2371 emorque
725 2324 751 2369 g.
784 2308 857 2356 Leid.
868 2305 1003 2370 deriperpor.
1039 2305 1131 2365 Aldus,
1142 2305 1223 2368 ἀπηρί-

118 2386 213 2432 uerpos.
231 2371 339 2421 Elmeulr.
374 2371 448 2422 Harl.
461 2373 534 2422 Laid.
550 2374 685 2436 opimetros.
718 2371 791 2420 Colv.
804 2372 1067 2433 womnperimetros..
1091 2371 1157 2417 Vide
1172 2371 1225 2418 Ha·

121 2449 194 2484 neum
206 2435 275 2487 Hist.
285 2436 349 2485 Crit.
360 2443 380 2486 t.
391 2450 449 2486 xrv.
461 2453 485 2499 p.
493 2442 549 2487 185.
568 2439 681 2488 Orod-2
700 2437 742 2485 Sic
752 2437 819 2484 bene
831 2435 949 2484 Florem.
959 2436 1036 2483 Voss.
1046 2434 1146 2483 Bened.
1155 2434 1223 2482 Edd.

119 2500 201 2548 Wow.
214 2501 280 2549 Elm.
292 2503 341 2548 &c
377 2502 419 2550 ΑΙ.
429 2504 592 2563 pronuntient.
609 2500 700 2552 ld.-s
719 2500 803 2548 Abest
819 2504 843 2546 et
859 2497 1025 2547 aunuald.
1044 2498 1133 2546 1u.-r
1151 2499 1223 2547 Flor.

120 2563 204 2611 Fulvii
216 2565 292 2627 liber,
304 2566 429 2626 Excerpt.
443 2566 553 2613 Putesni
565 2573 594 2613 et
606 2566 667 2613 Bas.
681 2569 705 2613 2.
726 2562 837 2627 ἀόρατον,
857 2560 1003 2622 adducerom
1042 2562 1135 2621 Aldus,
1154 2559 1223 2622 eripd-

120 2643 179 2687 νιον,
191 2625 310 2685 ἀμύθητον
320 2627 358 2676 καὶ
368 2626 476 2688 lidericus.
493 2630 604 2678 Elmenh.
627 2629 694 2677 Haec
702 2627 841 2682 finxerunt,
851 2636 880 2674 ut
889 2627 1000 2683 videtur,
1013 2626 1087 2689 primi
1098 2626 1223 2686 editores,

119 2691 990 2819 ttttiiltllllttriltlllttttloldtllllltlillil
1005 2688 1223 2802 inditiis

122 2817 205 2866 Codd.
216 2818 311 2869 Graeca
323 2835 372 2868 non
383 2775 500 2868 adergut.
527 2794 553 2869 ὲί
567 2823 674 2884 respicit
685 2821 785 2869 Auctor
797 2819 974 2882 praecedentia
986 2770 1092 2876 fflrtna,
1103 2825 1130 2865 et
1142 2832 1174 2866 ea
1187 2821 1224 2880 ip·

118 2882 152 2930 sis
163 2883 281 2932 Platonis
300 2885 384 2932 verbis
402 2886 549 2947 exprimere
567 2887 656 2946 voluit,
673 2886 790 2946 placeret
805 2884 887 2944 magis
902 2881 1222 2945 damnationemque.

121 2946 255 3010 indictum,
271 2949 467 3011 incorporeum:
484 2951 523 2998 sic
534 2950 601 2997 enirn
615 2962 685 3010 saepe
697 2949 783 2998 Plato.
815 2949 884 2996 Vide
902 2946 990 2996 Laert.
1003 2955 1031 2995 et
1044 2948 1100 2994 Cic.
1113 2947 1145 2993 de
1160 2947 1222 2996 Nat.

122 3010 171 3058 De.
185 3012 202 3060 l.
218 3025 237 3060 1.
252 3028 275 3061 r.
295 3018 333 3061 12.
349 3014 394 3061 ubi
410 3013 533 3061 Bouhier.
549 3015 612 3075 legit
627 3012 829 3073 ἀκατονόμαστον.
862 3009 915 3060 Sed
929 3012 993 3059 Mss.
1014 3011 1129 3059 Florent.
1148 3011 1168 3057 F
1171 3012 1223 3058 uls.

120 3074 196 3123 Voss.
208 3076 281 3124 Leid.
301 3078 412 3125 Putean.
431 3078 530 3126 Bened.
547 3078 622 3126 Harl.
636 3078 711 3126 Vulc.
728 3077 792 3126 Edd.
804 3077 878 3126 Just.
892 3083 959 3137 post.
971 3076 1031 3124 Bas.
1044 3089 1098 3122 sec.
1111 3072 1223 3137 ἀόρατον,

121 3135 266 3200 deduceres,
277 3141 396 3200 invisum,
407 3143 545 3190 invictum:
564 3143 632 3190 unde
644 3141 760 3204 suspicor
772 3143 848 3190 etium
860 3141 977 3188 Latinum
988 3140 1103 3188 indictum
1114 3150 1223 3201 corrup-

121 3210 175 3252 tum
195 3219 242 3268 pro
258 3206 381 3268 inustum,
397 3213 425 3254 et
443 3206 565 3255 Graecum
585 3205 686 3268 ἄῤῥητον
703 3206 795 3254 abiisse
807 3205 833 3254 in
855 3200 962 3267 ἀόρατον.
997 3204 1148 3266 Legendum
1160 3217 1226 3266 ergo

620 3342 726 3393 NOTAE

121 3454 649 3520 DeusetSylva.(ir'aqrnateria)etExem·
723 3451 799 3501 ⁰Sed
815 3452 1064 3514 doecdeDeoserttit]
1090 3453 1223 3516 Pleraque

121 3530 192 3590 plum
201 3528 222 3579 :'
233 3537 259 3579 et
269 3531 424 3580 Plutarchus
433 3533 581 3581 dePlscitis
593 3531 650 3580 Phi·
691 3528 745 3579 hsec
757 3543 771 3577 e
784 3531 900 3579 Plutonis
911 3531 1010 3578 Timeo
1022 3531 1140 3578 desumto
1152 3536 1223 3578 sunt.

121 3604 296 3667 losophorum,
306 3607 351 3655 lib.
364 3621 383 3656 1.
396 3621 454 3670 cap.
466 3611 491 3656 3.
503 3605 548 3655 ubi
560 3607 596 3655 ait
606 3606 649 3655 has
721 3612 735 3646 1²
753 3606 865 3655 Omnium
875 3611 1002 3654 exoramur
1012 3604 1143 3668 [extortor]
1163 3604 1224 3652 Non

121 3692 180 3726 esse
189 3680 304 3730 Socratis
320 3689 349 3730 et
359 3683 476 3732 Platonis
487 3682 520 3731 de
532 3682 650 3730 universo
691 3681 819 3731 violentus
841 3680 956 3745 quidem,
983 3681 1029 3729 sed
1059 3681 1157 3741 utravis,
1177 3681 1224 3743 qui

120 3755 275 3816 sententies,
292 3757 360 3806 ‘tria
375 3772 433 3809 esse
448 3757 584 3820 principis,
597 3758 650 3805 De·
691 3759 759 3806 ‘non
777 3758 946 3818 necessitate,
963 3757 1008 3805 sed
1027 3757 1171 3818 cupiditate
1188 3755 1224 3803 ad

121 3844 164 3878 urn
176 3839 204 3880 et
215 3833 356 3882 Materiam
365 3841 392 3882 et
405 3834 494 3883 ldearu
502 3848 548 3884 seu
557 3834 650 3882 Exem·
690 3849 718 3885 se
739 3833 841 3897 rapiat,’
865 3841 893 3882 ut
912 3848 946 3882 ex
965 3833 1084 3882 Platonis
1102 3831 1224 3881 convivio

121 3904 271 3971 plar,’quod
281 3909 376 3959 Noster
385 3910 427 3960 lric
437 3910 555 3960 Formam
565 3917 651 3959 vorat.
690 3909 837 3972 colligitur:
858 3909 891 3958 ad
904 3908 972 3974 quod
984 3909 1043 3959 vide
1057 3907 1169 3956 Marsilli
1180 3908 1224 3956 Fi·

121 3981 165 4029 De
177 3982 247 4044 ldeis
260 3985 319 4033 vide
332 3987 447 4036 Platonis
461 3987 650 4037 Parmenidem.
691 3985 741 4034 ciui
754 3985 976 4034 commentarium.

121 4057 284 4129 Mallium.
296 4061 337 4110 hie
348 4061 427 4113 habet
443 4063 590 4125 arbitretur,
598 4075 649 4110 non
722 4068 734 4102 t
747 4059 873 4123 Ἀῤῥητοη
883 4057 1092 4121 maronianum]
1101 4057 1131 4106 ld
1143 4057 1222 4120 signi-

121 4132 289 4185 urlu'trndutur.
405 4193 409 4199 ¹
690 4134 769 4186 fiuant
777 4138 834 4187 lraee
842 4135 978 4199 vocabule,
988 4135 1056 4199 qnod
1067 4134 1223 4198 supradixit
