2694 4710
368 324 442 372 nm.
468 325 509 373 ιι.
533 324 617 380 sive
643 325 691 372 nn
718 326 983 380 rutenensem
1134 314 1220 380 1085

119 471 159 527 ut
172 465 272 542 scias,
288 465 410 547 quibus
426 467 469 530 ad
484 468 618 532 beatam
642 469 745 533 vitem
766 471 929 553 perveniri
943 469 1128 535 rationibus
1143 491 1221 555 pos·

120 564 175 645 eit.
198 563 326 631 Verum
341 567 384 630 ad
395 568 647 646 beatitudinem,
663 570 825 634 bonorum
841 572 952 649 finem,
967 581 1043 637 ente
1057 573 1126 639 alia
1141 593 1218 637 eon·

120 665 244 755 tingere
255 666 293 715 4⁶
309 668 493 747 ostendam,
509 689 585 752 quoe
601 671 718 736 dehoc
735 673 834 738 Plato
848 673 1001 764 senserit.
1047 674 1221 738 Bonorum

103 765 222 844 ‘igitur
236 768 325 831 alia⁰
348 771 471 847 eximia
486 792 527 836 ac
542 773 650 854 prima
673 786 733 856 p'er
756 793 796 862 se
818 774 981 838 ducebnt⁵
1009 793 1104 838 esse:
1131 774 1221 854 [595]

119 886 180 947 per
193 868 464 952 perceptionemd
479 870 618 936 cetera⁶
632 872 701 938 fieri
714 875 824 941 bone⁷
839 874 1062 938 existimabat.
1097 874 1223 939 -Primn

120 971 207 1050 hone
221 989 295 1034 esse
310 972 422 1035 Deum
448 991 627 1049 summum,
652 981 864 1056 mentemque
888 974 993 1052 illem,
1018 991 1119 1056 quam
1138 977 1221 1038 νοῦν81

118 1071 210 1133 idem
224 1077 341 1136 vocet:
365 1072 545 1137 secundum
561 1081 630 1150 ea‚⁹
645 1093 722 1155 quee
744 1093 788 1137 ex
809 1075 957 1157 priorum
972 1075 1063 1138 fonte
1078 1077 1221 1157 proflue-

119 1178 201 1249 rent,
225 1192 302 1237 esse
327 1174 429 1259 animi
451 1175 605 1250 virtutes,
629 1174 857 1252 Prudentiem,
881 1176 1068 1254 iustitiam,
1085 1176 1223 1262 Pudici-⁴

118 1274 211 1349 tiam,
230 1273 494 1340 Fortitudinem¹
539 1275 606 1340 Sed
629 1276 683 1341 his
705 1279 860 1341 omnibus
888 1283 1047 1360 proestare
1072 1277 1222 1342 Pruden-

116 1467 194 1529 possit
202 1469 321 1530 perreniri
331 1468 361 1517 cd
371 1469 445 1517 citam
453 1470 561 1530 felicem.
594 1469 643 1517 Sed
653 1469 817 1518 demonstrabo
835 1469 996 1544 definitionem
1007 1470 1129 1518 Bonorum
1140 1481 1222 1516 recten-¹

118 1532 175 1578 dum
193 1533 333 1581 sententium
352 1534 463 1582 Platonis
481 1533 601 1596 proecipne
616 1534 745 1581 conducere
763 1535 794 1581 od
806 1532 972 1582 ·Felreitntern.
1006 1533 1097 1581 Aiebat
1116 1547 1171 1594 ergo
1191 1546 1222 1580 ex

119 1595 197 1643 Bonis
207 1599 314 1657 quedam
325 1598 422 1658 egregia
432 1602 457 1645 rt
465 1598 545 1658 primo
555 1610 603 1645 esse
615 1595 674 1644 bona
682 1611 712 1645 ex
721 1596 822 1658 seipsis:
837 1598 937 1659 pntutot
947 1597 1038 1660 reliqna
1045 1598 1142 1645 madere
1152 1596 1223 1644 Borm

117 1673 162 1720 per
179 1660 392 1722 perticipationem.
426 1661 552 1709 Primarin
567 1660 638 1708 Bona
653 1674 703 1709 erse
724 1674 859 1722 supremum
881 1663 969 1719 Derim,
986 1667 1010 1710 rt
1027 1661 1094 1709 illum
1110 1665 1223 1721 mentem„

118 1737 189 1783 quom
200 1724 249 1784 ipse
259 1727 360 1787 appellnt
373 1725 441 1772 noir:
457 1731 510 1786 post
521 1725 574 1782 illc,
586 1725 656 1772 Bona
673 1739 725 1786 qnoe
743 1730 881 1773 emanarent
897 1740 909 1774 e
926 1725 1070 1786 scaturigine
1083 1725 1222 1786 prinnrnm,
1309 1737 1313 1746 ·

119 1801 169 1834 esse
180 1790 282 1835 virtules
292 1789 386 1845 mentis,
393 1789 505 1837 nimirum
515 1789 680 1849 Prudentinm,
688 1788 826 1846 Jnrtitinm,
838 1789 1023 1847 continentium,
1036 1788 1221 1837 Fortitudinem.

125 1850 212 1899 Verum
231 1852 389 1901 Proderrtinm
406 1854 537 1915 precellere
556 1853 593 1900 liis
614 1852 729 1901 omnibns.
765 1853 900 1901 Constituit
912 1853 1089 1902 continentiam
1097 1853 1222 1901 secundom

122 2085 187 2135 inm,
197 2077 258 2140 quie
270 2075 329 2124 libri
342 2077 433 2126 titulus
444 2083 501 2126 eret
513 2076 797 2138 lilomlisPlrilosoplriae
809 2091 867 2125 nam
879 2077 904 2125 in
912 2076 977 2125 Cod.
985 2075 1086 2124 Bened.
1098 2079 1222 2124 exaretur

122 2141 174 2189 Ino.
187 2139 283 2188 moralis
295 2140 453 2204 Philoropticr
470 2156 491 2190 r.
511 2140 628 2189 oud—4
647 2140 708 2188 Vid.
723 2141 745 2188 N
750 2149 786 2188 ot.
799 2139 846 2190 inf.
859 2148 886 2188 et
900 2141 962 2189 Not.
974 2142 1085 2189 Van-5
1104 2137 1147 2187 nt.
1158 2140 1222 2187 dice·
1320 2136 1323 2144 ’

122 2205 221 2252 tct.-e
237 2205 299 2252 Mis.
313 2211 413 2253 tantum
425 2219 476 2253 non
487 2207 585 2266 omues,
600 2210 628 2252 et
643 2203 712 2253 Edd.
724 2205 826 2266 primae,
842 2205 903 2252 item
919 2206 994 2255 Junt.
1006 2211 1074 2266 post.
1086 2204 1152 2252 Scul.
1167 2203 1222 2250 sive

122 2269 199 2316 Vuic.
210 2282 263 2316 sec.
275 2269 358 2317 Wow.
369 2269 565 2332 preceptionem:
582 2268 627 2316 sed
641 2267 707 2316 bene
719 2268 839 2316 viderunt
851 2269 918 2318 Etm.
929 2276 957 2317 et
969 2269 1035 2318 Fies.
1048 2266 1157 2330 intelligi
1167 2271 1222 2327 μεθ-

122 2337 168 2393 εξιν
191 2346 236 2380 seu
256 2332 490 2394 perticipationem.
527 2333 563 2381 At
580 2333 634 2380 Ms.
653 2331 753 2381 Bened.
771 2337 849 2390 cetera
864 2347 908 2395 per
924 2333 1091 2395 receptionem.
1123 2333 1222 2380 Forsan

120 2397 201 2444 bene:
219 2397 240 2444 si
251 2410 266 2442 n
277 2396 439 2458 sapientibus
452 2397 497 2446 illa
509 2396 680 2457 recipiantur,
691 2397 745 2455 sire
758 2410 815 2443 cum
828 2396 858 2444 iis
874 2397 1105 2445 communicentur·
1125 2397 1223 2443 Oud-
1275 2408 1287 2417 ·

121 2465 135 2508 7
155 2461 231 2508 Voss.
244 2460 375 2524 bonofieri.
392 2460 483 2509 itt-8
499 2460 543 2509 Sic
553 2461 618 2508 Mes.
639 2459 671 2507 in
683 2458 750 2508 Edd.
767 2459 827 2508 Ald.
840 2459 914 2509 Junt.
927 2467 994 2522 post.
1006 2459 1079 2508 Colr.
1097 2456 1141 2506 τὸν
1159 2459 1222 2506 νοῦν.

121 2524 229 2573 Priores
241 2537 320 2584 preve
331 2523 377 2582 τὴν
387 2525 450 2573 νοῦν.
468 2524 557 2574 lin-s
575 2522 729 2573 Addebatur
741 2533 802 2572 ente
812 2523 923 2573 Vulcen.
940 2524 1003 2584 illas,
1011 2523 1078 2571 mele
1090 2528 1118 2573 et
1130 2529 1223 2571 contra

121 2588 189 2636 Mes.
222 2587 309 2640 Serico
326 2589 428 2636 Bened.
446 2588 533 2636 ld.-t
552 2589 593 2636 Ex
613 2603 687 2651 seqq.
707 2593 782 2649 patet
802 2586 918 2636 ordinem
940 2601 1032 2635 vocum
1051 2585 1145 2634 debere
1164 2599 1223 2635 esse

117 2651 294 2714 pudiojustit.
326 2651 373 2701 Ait
388 2652 455 2700 enim
472 2651 537 2703 ‘Sed
558 2653 595 2700 his
612 2652 730 2700 omnibus
749 2659 875 2715 praestare
897 2651 1072 2714 prudentiam,
1083 2649 1222 2706 secundem

122 2728 230 2764 nurnero
247 2723 274 2763 et
291 2721 422 2778 potestate
440 2717 624 2765 continentiam
638 2716 733 2778 posuit,
751 2717 795 2763 tras
809 2716 939 2778 justitiam
959 2713 1051 2779 sequi!
1083 2713 1120 2763 At
1137 2712 1224 2762 forsan

122 2780 168 2827 illa
181 2780 423 2828 virtutumnomina
435 2794 450 2827 e
460 2780 576 2840 margine
596 2781 622 2827 in
641 2787 741 2828 textum
753 2779 915 2840 irrepserint,
927 2788 954 2827 ut
967 2779 1101 2841 scripserit
1112 2777 1222 2841 Aprcrse

122 2844 199 2892 enimi
210 2842 321 2905 virtuter,
338 2845 378 2892 sed
394 2842 559 2906 tisomnitus,
570 2846 610 2905 irc.
642 2844 721 2892 Certe
740 2843 767 2891 in
786 2844 886 2892 Beued.
904 2858 954 2892 non
972 2849 1124 2907 comparent
1138 2841 1223 2902 instit.

118 3092 200 3141 fuisse
214 3100 286 3155 pute,
295 3107 353 3142 eum
362 3094 419 3155 ipse
428 3093 539 3142 vetulam
548 3091 653 3141 duxerit
693 3107 748 3142 rum
760 3092 909 3142 delinitione
922 3093 1059 3141 sententie.
1076 3091 1118 3140 Sic
1130 3105 1223 3140 nomen

119 3168 306 3231 Pudentillam,
323 3177 352 3218 nt
369 3177 444 3232 paret
460 3183 494 3218 ex
513 3167 651 3232 Apologia,
685 3169 700 3196 “
711 3168 775 3217 linis’
788 3170 879 3218 Cicero
891 3178 998 3229 usurpet
1009 3168 1054 3217 lib.
1066 3181 1085 3216 ι.
1102 3168 1144 3216 De
1155 3167 1222 3215 Fini·

119 3259 151 3293 ac
163 3243 271 3306 proinde
284 3244 372 3306 partui
384 3245 426 3294 rix
436 3244 557 3293 habilem.
693 3243 739 3292 bus
752 3244 881 3292 Bonorum
895 3252 922 3294 ct
933 3242 1070 3292 Malorum.

151 3319 163 3353 b
185 3320 271 3369 Verum
291 3322 322 3369 orl
344 3321 523 3382 beatitudinem,
541 3320 651 3368 tonorum
723 3320 872 3368 ⁰Bonornm
892 3319 970 3381 igitur
989 3318 1047 3381 elin,
1069 3317 1123 3379 tre]
1153 3318 1222 3366 Vide

112 3395 200 3460 finem,
215 3402 271 3446 onte
287 3396 335 3446 olio
349 3398 492 3458 contingere,
501 3396 556 3459 irc]
568 3397 651 3446 Locris
691 3395 757 3444 hanc
769 3394 922 3443 divisionem
939 3395 1069 3443 Bonorum
1082 3392 1150 3455 apud
1162 3394 1222 3442 Plo·

119 3472 162 3520 iric
182 3486 233 3520 non
249 3472 352 3522 omuino
369 3488 446 3522 senus
459 3474 519 3523 milri
530 3472 649 3523 videtur:
692 3470 773 3518 tinum
785 3468 1051 3529 Enneed.l.lib.v11.
1069 3468 1152 3516 Porro
1164 3482 1221 3530 qrrae

121 3554 151 3595 nt
169 3561 260 3596 sensus
271 3548 391 3597 eliciatur
407 3547 565 3610 commodus,
575 3549 649 3611 lege:
692 3545 740 3594 hoc
752 3545 819 3594 libro
835 3543 916 3593 hebet
935 3542 1072 3605 Apuleius,
1090 3555 1121 3589 en
1138 3541 1222 3605 plere·

124 3624 156 3670 Et
167 3637 221 3670 cnm
230 3625 263 3671 rit
273 3624 453 3684 rerumnd,lrc.
470 3623 518 3672 hoc
536 3623 592 3672 vuit
604 3622 653 3672 sci·
692 3633 741 3682 qne
762 3633 794 3669 ex
810 3619 884 3669 libris
901 3618 1018 3667 Platonis
1030 3616 1063 3665 dc
1076 3617 1221 3680 Leg.et·de

120 3697 193 3759 licet,
210 3711 267 3746 cnm
286 3697 319 3746 ad
338 3703 455 3746 usturam
468 3697 652 3761 Bentitudinis,
692 3695 761 3758 Rep.
773 3695 905 3744 desnmsit.
1217 3732 1219 3737 .

121 3785 178 3834 quer
199 3772 226 3819 in
243 3772 375 3820 Bonorum
397 3771 509 3824 omnium
530 3786 652 3835 aggrega·
723 3771 794 3822 dno
801 3767 984 3834 perceptionem]
993 3766 1119 3820 Quoedem
1129 3768 1224 3816 Exeru-

121 3848 194 3896 tione
206 3848 334 3908 consistit,
346 3854 418 3897 recte
435 3846 650 3910 cognoscendam,
690 3848 773 3911 pieria
784 3847 879 3896 hebent
892 3860 936 3908 per
948 3843 1136 3908 preceptionem,
1146 3841 1222 3890 mele.

121 3937 188 3985 opus
200 3922 232 3970 sit
244 3923 298 3984 ipsa
311 3922 377 3970 bone
388 3929 416 3971 et
427 3936 515 3970 eorum
532 3929 651 3971 naturum
690 3939 732 3986 per
741 3924 914 3988 perceptionem
923 3929 965 3971 est
976 3919 1044 3984 qnod
1054 3916 1117 3968 nori
1130 3915 1223 3978 μέθεξιν

121 4013 153 4047 ac
168 3997 255 4059 tine-m,
270 3999 318 4047 hoc
329 4004 380 4060 est,
390 3996 433 4045 rin
447 3995 509 4060 ὅρον,
523 3997 651 4046 definitio·
691 3998 800 4048 Alcinoo
819 4012 878 4060 cap.
897 4001 938 4045 2⁷.
958 4011 1001 4059 per
1018 3993 1223 4058 perticipationem
1253 4035 1262 4052 ,

120 4088 192 4137 nem,
200 4088 370 4135 cognoscere,
382 4074 652 4123 indemonstraturum
692 4075 768 4138 vulgo
782 4075 808 4123 in
820 4073 921 4124 scholis.

121 4164 181 4215 quer
196 4147 276 4200 fuerit
289 4151 414 4201 Platonis
424 4163 503 4213 snper
517 4150 562 4202 illu
573 4150 652 4209 bono·
