2694 4710
173 303 259 376 1078
497 321 608 371 arur..
632 320 681 368 nn
705 320 821 369 nonni.
846 319 955 367 rnnr.
1033 328 1036 332 Δ

175 470 248 545 Sed
266 489 288 533 e
311 467 466 548 regione²
488 466 599 531 cordis
628 484 785 530 venarum
811 458 984 527 mestus³¹
1015 461 1179 535 oriuntur,
1211 474 1277 540 per

173 572 367 655 pulmonum
382 569 550 652 spiracula
564 567 825 632 vivacitatem⁴¹n
840 563 1089 640 transferentes,
1111 580 1216 643 qnam
1231 560 1276 624 de

173 673 273 738 corde
288 672 513 754 susceperint:
526 677 538 717 ⁵
561 677 596 733 et
610 689 724 733 rursus
738 689 783 733 ex
797 670 857 734 illo
872 669 950 732 loco
962 667 1082 731 divisae
1097 682 1158 746 per
1168 680 1277 725 mem·

173 776 232 837 bra
247 778 350 837 toturn
364 772 531 835 hominem
541 770 663 854 juvant
674 769 839 853 spiritu.⁶¹²
884 769 998 832 Hinc⁷
1013 767 1082 831 illae
1092 763 1276 828 anhelandi

173 877 268 939 vices
282 874 424 949 haustae,
437 873 646 956 redditaeque
670 872 796 936 alterno
818 872 932 948 modo,
959 889 1002 933 ne
1025 867 1152 931 mutuis
1166 867 1278 948 impe-

174 977 307 1041 diantur
329 975 538 1038 occursibus.
581 972 750 1038 Venarum
778 973 919 1038 diversae
948 969 1050 1034 sunt8
1074 968 1276 1051 qualitateS,

31 1084 32 1087 ’
71 1129 72 1132 .
175 1097 260 1162 quas
276 1076 325 1143 ad·
335 1076 579 1159 procreandum
601 1096 621 1139 e
644 1077 778 1158 regione
800 1077 1010 1140 cervicum⁹⁰
1031 1090 1091 1154 por
1104 1068 1277 1133 medullas

174 1195 293 1242 renum
307 1196 502 1256 comeare,
516 1184 550 1242 et
564 1179 717 1261 suscipi¹
740 1178 913 1260 inguinum
934 1176 1035 1240 lnco²
1058 1177 1184 1237 certum
1200 1177 1275 1235 est:

176 1369 254 1418 omniu
264 1369 374 1421 nembro.
407 1371 666 1422 remuneraturum
682 1375 812 1419 nosmntu
829 1384 861 1418 ex
873 1373 941 1432 purte
951 1369 1037 1426 cordis,
1049 1364 1223 1437 transvehentes
1231 1375 1277 1424 per

175 1434 294 1497 spiraculo
301 1437 437 1497 pulmonum
447 1437 559 1499 spiritum
566 1437 671 1491 violem,
680 1449 747 1497 quem
757 1440 896 1497 occeperunt
906 1448 921 1480 o
931 1435 999 1481 corde
1008 1447 1017 1489 ‚·
1033 1436 1104 1492 utque
1118 1429 1174 1477 inde
1188 1432 1277 1475 uerum

174 1497 310 1547 distribute
320 1515 384 1548 nerra
392 1515 435 1561 per
445 1507 512 1550 artus
521 1501 672 1564 suppeditent
681 1498 793 1560 spiritum
804 1498 913 1546 unicum
924 1497 1023 1559 corpori.
1057 1495 1124 1542 Hinc
1139 1493 1189 1540 ilioe
1203 1490 1277 1564 ulter·

175 1562 284 1611 nutiorm
292 1563 410 1626 meandi,
418 1570 523 1627 ,accepte
532 1571 555 1613 rt
568 1566 671 1613 remisso
679 1577 723 1625 per
733 1563 805 1616 sices,
823 1576 854 1610 ne
869 1562 915 1608 sibi
932 1561 1032 1609 induem
1042 1559 1132 1606 obstent
1142 1554 1278 1628 occursibus

175 1626 310 1687 reciprocis.
342 1627 409 1676 Alioe
419 1633 474 1677 sunt
490 1630 616 1692 qualitates
630 1641 742 1676 cenorum
753 1626 857 1685 tuanen,
868 1640 927 1689 quus
938 1630 1030 1673 constat
1049 1638 1080 1671 ex
1095 1618 1278 1695 colliportrbus

175 1690 278 1738 transire
294 1705 335 1751 per
344 1692 428 1740 intimo
441 1707 531 1755 renum,
540 1692 702 1753 generationis
717 1697 877 1752 corruatque
894 1690 972 1753 excipi
986 1688 1081 1749 regione
1092 1687 1232 1747 inguinum.-
1249 1697 1278 1729 oc

637 1832 801 1851 vaanenu
804 1833 818 1852 Ι

175 1910 267 1961 Iri-2
285 1912 309 1962 E
323 1915 426 1974 regione.
460 1913 528 1963 Edd.
541 1912 601 1963 Ald.
612 1914 685 1964 Junt.
695 1925 806 1979 utraque
823 1916 887 1963 Bas.¹
900 1928 939 1977 pr.
949 1912 1052 1972 regione.
1085 1906 1153 1956 Vide
1164 1907 1198 1954 ad
1211 1907 1280 1958 Met.

175 1975 222 2025 lib.
234 1989 279 2025 111.
296 1983 390 2040 p.189.
408 1979 433 2028 b.
450 1978 539 2027 Iit-n
557 1979 656 2027 Bened.
668 1985 778 2027 neamus:
796 1986 823 2026 et
840 1993 900 2026 mox
915 1990 1002 2025 rursus
1014 1973 1081 2022 Edd.
1094 1981 1155 2021 ante
1167 1971 1279 2020 Vulcan.

172 2041 298 2102 pulmonis.
319 2040 410 2091 Iri-4
434 2042 533 2090 Bened.
553 2041 714 2090 moicilutem:
739 2057 786 2105 pro
806 2043 924 2104 quamde
944 2056 966 2088 c.
984 2038 1025 2087 Id.
1051 2051 1096 2099 que
1115 2039 1144 2084 de
1162 2052 1183 2084 c.
1203 2035 1280 2083 ld.-

176 2104 375 2167 liSusceperunt.
401 2105 501 2153 Bened.
518 2106 594 2155 Voss.
611 2107 763 2168 susceperint.
796 2107 887 2154 Recte.
909 2105 999 2152 Iu-o
1016 2103 1047 2150 ln
1065 2106 1141 2150 totum
1159 2100 1220 2147 bom.
1236 2099 1279 2158 ju-

174 2174 233 2215 uont
251 2169 372 2228 spiritum.
405 2169 500 2216 Melius
519 2169 585 2216 liber
604 2169 735 2230 scriptus:
758 2173 833 2217 toturn
851 2167 1065 2227 bominemJ'unnnt
1082 2165 1177 2226 spiritu.
1210 2163 1280 2228 Hinc

175 2230 225 2278 ilice
237 2232 294 2280 unit.
310 2232 464 2280 Wowerius.
498 2232 526 2280 F.
538 2232 564 2279 in
576 2237 649 2280 totum
662 2233 777 2280 bominem
786 2233 876 2292 junoni
890 2233 986 2294 spiritu.
1002 2231 1133 2278 Brantius.
1166 2228 1280 2277 Wower.

176 2307 209 2342 err
221 2295 306 2343 Fulvii
324 2295 368 2344 lib.
379 2309 398 2344 1.
432 2294 533 2358 Spiritu.
555 2295 629 2344 bene.
648 2297 756 2345 Eimenlr.
790 2297 857 2344 Edd.
875 2304 936 2344 ante
951 2296 1062 2344 Wower.
1078 2293 1104 2340 in
1121 2297 1197 2340 totum
1216 2292 1241 2340 b.
1255 2291 1280 2352 j.

175 2359 303 2420 spiritum:
320 2359 388 2407 unde
400 2359 491 2407 Brant.
504 2359 619 2420 conjecit
629 2359 656 2407 in
667 2365 741 2408 tuum
751 2360 775 2408 b.
787 2360 810 2421 j.
820 2361 924 2422 spin'tu:
940 2368 969 2408 ut
980 2357 1068 2407 forsan
1079 2359 1105 2405 in
1116 2360 1192 2403 toturn
1203 2369 1280 2418 sepa-

174 2430 232 2470 rate
243 2424 374 2473 sumserit.
407 2424 459 2473 Sed
472 2430 543 2472 recte
557 2432 689 2486 receptam
706 2439 775 2473 nnnc
792 2425 928 2473 lectionem
941 2438 956 2472 e
970 2424 1023 2472 Ms.
1035 2420 1119 2469 Fulvii
1130 2420 1281 2468 emendavit

175 2484 257 2536 Wow.
268 2500 327 2536 nam
339 2487 467 2537 accedunt
480 2486 580 2538 Bened.
591 2489 667 2537 Voss.
687 2490 716 2537 el
733 2489 808 2537 Harl.
827 2503 878 2537 non
895 2488 1022 2537 babentes
1037 2487 1072 2534 in.
1089 2484 1209 2534 oud—7
1227 2484 1279 2532 Ed.

175 2549 252 2600 Vnic.
264 2551 310 2602 iric.
342 2552 420 2600 Voss.
437 2553 497 2600 bunc
514 2551 566 2600 iila.
583 2551 672 2609 Iu-s
689 2552 789 2600 Bened.
805 2558 860 2601 sunt
870 2554 988 2614 disperse.
1022 2551 1099 2599 Voss.
1111 2562 1213 2611 quoque
1229 2547 1280 2597 dis·

171 2627 258 2676 perse.
275 2614 368 2663 Id.—9
384 2616 428 2663 Ita
439 2616 543 2678 egregie
558 2615 706 2665 emendavit
716 2617 793 2665 Vult.
809 2616 988 2666 confirmatum
1007 2614 1103 2662 aMss.
1119 2613 1153 2662 O.
1170 2621 1197 2660 et
1214 2613 1279 2660 Pla·

176 2685 248 2732 tone,
267 2677 376 2741 ipsoque
392 2693 477 2726 sensu.
511 2679 598 2727 Antea
614 2679 722 2728 ridicule
741 2680 866 2730 edebatur
883 2682 915 2729 od
930 2681 1102 2742 procreandum
1116 2692 1128 2725 e
1140 2691 1191 2737 reg.
1203 2678 1280 2724 serui·

175 2741 251 2789 tium:
269 2741 320 2790 nisi
331 2742 398 2804 qrrod
409 2742 434 2789 in
447 2742 496 2790 Ed.
513 2742 588 2792 lunt.
600 2752 668 2805 post.
682 2744 737 2806 jam
754 2749 829 2793 extet
840 2745 979 2792 coricium:
995 2740 1064 2805 quod
1076 2741 1184 2789 retinuit
1195 2741 1280 2790 Wow.

171 2803 263 2853 forsan
280 2812 362 2860 recte,
378 2805 423 2853 sed
439 2811 529 2856 >tamen
551 2813 641 2854 contra
659 2809 724 2857 Mss.
743 2822 807 2870 quos
825 2809 887 2857 scio.
921 2808 952 2856 In
964 2807 1041 2854 Vulc.
1059 2806 1109 2854 Ed.
1121 2805 1280 2867 typographi

176 2881 263 2917 errore
275 2875 317 2918 est
329 2872 507 2931 procreandum.
526 2870 613 2918 ld.—l
632 2871 732 2920 Bened.
748 2886 815 2920 reum
826 2877 848 2920 et
860 2886 938 2921 necare
948 2876 971 2920 ei
982 2869 1089 2931 occipit.
1107 2868 1198 2916 Iri-a
1214 2868 1281 2916 For·

176 2934 325 2993 tasse‚lccu.
358 2933 425 2982 Vide
445 2941 537 2983 notata
554 2932 587 2982 ad
606 2934 685 2994 Apol.
700 2936 791 2985 Bront.
824 2936 928 2999 Inepte.
962 2935 1027 2983 Mss.
1039 2933 1073 2982 0.
1085 2933 1211 2994 inguinum
1229 2934 1281 2980 loco

176 3003 206 3045 ut
218 2997 286 3046 bene
300 2998 379 3046 Wow.
391 3008 419 3047 et
430 3012 502 3063 seqq.
536 2996 607 3046 Ante
618 2999 729 3048 Vuicen.
748 2999 876 3049 edebatur
889 2998 982 3060 ignium
992 3001 1009 3048 l.
1042 2998 1092 3046 Ille
1109 3011 1167 3045 curn
1181 2997 1281 3058 Scalig.

177 3060 261 3110 edidit
272 3060 433 3122 ininguinum
444 3064 461 3110 l.
494 3062 547 3111 Sed
558 3063 584 3111 in
599 3064 683 3112 nuilus
700 3062 784 3112 codex
802 3065 928 3127 agnoscit.
962 3062 1077 3123 Ingnium
1088 3059 1189 3109 Bened.
1202 3060 1280 3108 Harl.

176 3123 229 3173 Hae
249 3132 337 3187 partes
357 3126 505 3175 sexcenties
517 3127 567 3175 loco
578 3135 714 3185 vocantur,
732 3134 760 3175 et
778 3129 822 3176 loci
836 3129 954 3189 genitales
959 3141 969 3184 ,·
985 3132 1014 3175 ut
1031 3127 1114 3174 iocum
1127 3125 1279 3173 Columellas

175 3187 221 3237 lib.
233 3202 285 3238 vrr.
302 3194 377 3240 c.13.
395 3205 532 3240 correxere
547 3191 638 3240 Heius.
649 3192 681 3240 ad
694 3192 788 3241 Vellei.
806 3192 863 3241 Lib.
875 3207 907 3240 11.
925 3206 947 3239 c.
959 3195 1015 3239 126.
1035 3196 1062 3238 et
1077 3190 1131 3252 jam
1155 3196 1215 3237 ante
1227 3188 1280 3237 Be-

177 3252 259 3301 roald.
272 3252 304 3301 ad
321 3252 401 3316 Apul.
415 3255 482 3303 Met.
499 3255 542 3304 lib.
553 3269 603 3304 vu.
622 3256 676 3304 ‘ob
689 3256 856 3305 admissuram
875 3256 943 3319 pesti
953 3253 970 3302 ι’
987 3264 1014 3302 et
1032 3255 1069 3302 sic
1090 3253 1189 3316 Obscq.
1202 3266 1225 3301 c.
1238 3256 1282 3302 97.

176 3319 184 3344 ‘
197 3317 359 3367 Vestimento
371 3317 478 3368 diducto
489 3319 515 3367 in
528 3320 685 3382 inguinibus,
700 3329 792 3368 exerta
804 3321 901 3383 lingua,
916 3334 963 3382 per
974 3317 1112 3367 inferiores
1125 3318 1196 3365 locos
1209 3319 1280 3380 qrrod

177 3381 244 3443 ignis
261 3381 293 3430 ad
311 3397 339 3431 os
359 3383 521 3432 emicuerit?
538 3391 567 3432 nt
587 3386 663 3446 lego:
682 3385 725 3432 alii
744 3386 830 3433 aliter.
864 3385 897 3434 V.
909 3385 997 3432 Burm.
1013 3382 1045 3431 ad
1063 3381 1279 3431 ostermaro.

177 3448 233 3496 151.
266 3447 396 3512 Verbnrg.
414 3447 440 3496 in
460 3449 528 3511 Rep.
539 3449 643 3499 Erudit.
661 3448 695 3499 Α.
713 3453 787 3501 1719.
804 3449 841 3498 Μ.
858 3449 924 3499 Dec.
937 3462 963 3512 p.
976 3451 1033 3497 629.
1050 3446 1097 3496 sed
1108 3445 1184 3495 maie.
1220 3445 1280 3494 Nec

624 3650 627 3654 Α
675 3582 782 3634 noun

210 3692 218 3728 ¹
237 3693 520 3756 Venorummectus,lpc.]
532 3693 705 3756 Ariminnum,
748 3696 811 3744 ritus
823 3695 923 3744 vitaliu'
939 3694 1044 3743 dicitnr.

175 3785 239 3836 quas
250 3770 290 3818 bic
302 3783 424 3817 venarum
437 3770 539 3818 nomine
554 3769 705 3833 complecti·
776 3779 789 3802 ⁰
811 3771 928 3820 Venarum
948 3771 1049 3818 dinersoe
1069 3773 1124 3816 sunt
1143 3769 1282 3835 qualitates,

138 3862 142 3866 ’
178 3853 230 3898 tur.
746 3844 1281 3911 quasoopocreanunneregr'onecercunm,

208 3930 226 3956 ¹⁰
241 3920 405 3983 Vinccitutem]
421 3920 580 3983 Sanguinem
591 3920 707 3972 incorde
747 3924 801 3987 nn]
819 3921 939 3971 Asteriae
958 3921 1082 3982 inteiligit
1099 3922 1294 3984 sperrnaticas,‚

177 4000 332 4053 calefactum
345 4005 372 4050 et
383 3997 547 4050 rarefactum.
747 4015 804 4062 quae
823 3999 970 4061 procedunt
988 4013 1003 4045 a
1019 4004 1111 4045 trunco
1129 4004 1220 4054 uortae,
1231 3999 1282 4048 snb

210 4083 222 4108 ²¹
239 4075 346 4138 Spiritu]
363 4076 494 4139 Sanguine
511 4077 554 4125 iilo
566 4077 707 4138 subtiliori,
747 4075 880 4126 claviculis
893 4075 1013 4125 deorsum
1025 4071 1138 4122 reflexae.

177 4152 222 4216 qni
233 4163 304 4213 saepe
321 4151 397 4200 etiam
414 4150 446 4200 ab
459 4149 619 4201 Anatomicis
636 4152 706 4214 ‘spi-
