2694 4710
357 303 432 351 eru.
454 304 481 352 1.
505 303 589 352 srvn
614 304 663 352 nn
685 304 832 356 numos.
855 306 999 357 sarua.
1137 294 1224 359 1083

126 465 210 510 varo
236 449 316 511 tunc
339 445 489 510 nativis⁸
515 447 726 511 incrementis
748 453 899 531 augetur,
919 469 996 514 cum
1020 449 1223 516 valetudinis

125 549 238 630 portio
253 554 455 631 procurata⁹
469 549 642 613 salubriter
657 550 793 614 modurn
808 552 989 615 necessarii
1003 551 1136 616 victus¹
1151 571 1224 616 nes·

126 651 175 712 cit
190 649 372 744 excedere:
394 669 455 713 nec
470 649 631 713 valetudo
654 650 812 715 obteritur
826 653 1048 732 magnitudine
1069 660 1223 717 externo·

125 769 201 812 rum
228 751 393 827 laborum,
417 770 479 815 nec
504 747 621 835 pabuli
645 753 777 816 sarcina
800 748 1057 816 immoderatius
1073 753 1225 829 invecti,²

126 852 204 914 vel³
218 871 286 915 non
299 859 339 915 ut
349 858 479 935 oportet
493 852 617 934 digesti
632 853 867 935 distributique
884 872 943 936 per
958 873 1093 937 corpus,
1123 854 1223 919 Tunc

126 953 215 1014 enim
231 960 323 1018 artus
338 973 379 1017 ac
401 955 549 1017 membra
569 955 693 1034 vigoris
717 954 823 1018 debiti
844 953 982 1018 modum
996 961 1029 1019 et
1043 957 1132 1020 vires
1146 957 1224 1020 reti-

123 1058 216 1131 nent,
232 1073 306 1117 onm
322 1055 369 1133 id,
385 1056 475 1139 quod
490 1055 629 1120 infertur
650 1056 694 1120 ad
709 1057 985 1138 totius-corporis
998 1058 1224 1122 conscrvatio-

121 1174 211 1232 nem,
227 1156 333 1219 veluti
346 1156 565 1238 singillatim4
580 1164 809 1245 exaequatum,
826 1159 957 1222 cunctis
968 1159 1122 1240 partibus
1136 1158 1223 1222 divi·

123 1255 225 1321 ditur.
268 1255 395 1320 Verum
417 1257 608 1324 enimvero⁵
632 1278 709 1324 cum
731 1259 767 1322 id
792 1259 928 1323 minime
943 1259 991 1338 fit,
1007 1266 1084 1325 tnnc
1099 1257 1222 1343 sequi⁶

122 1359 263 1422 exitium
279 1361 439 1443 corporis.

124 1558 214 1618 Corpus
224 1561 303 1605 autem
309 1561 368 1605 tunc
377 1557 467 1618 gaudet
476 1557 527 1605 suis
545 1556 694 1606 naturalibus
711 1560 855 1619 augmntis,
871 1559 963 1621 quaudo
976 1573 1035 1620 pars
1051 1558 1222 1620 sanitatisjam

122 1627 257 1682 comparata
277 1621 405 1670 salubriter
426 1636 544 1684 uunquam
565 1622 743 1682 transgreditur
770 1624 926 1685 quantitatem
947 1623 1057 1672 alimenti
1077 1623 1222 1672 necessarii.-

122 1699 196 1746 neque
206 1685 298 1734 sanitas
308 1685 448 1748 opprimitur
456 1687 515 1733 moto
526 1686 631 1734 laborum
638 1691 781 1743 exterorum,
789 1701 863 1750 neque
871 1702 939 1736 onere
947 1687 994 1736 cibi
1004 1687 1098 1735 auidius
1107 1687 1222 1748 congesti,

121 1755 165 1797 aut
176 1764 224 1798 uon
234 1751 346 1804 concerti,
358 1764 430 1812 neque
440 1749 544 1798 derivati
552 1764 597 1812 per
607 1764 699 1813 corpus,
711 1756 737 1798 nt
748 1766 805 1813 opus
820 1757 864 1801 est.
895 1752 996 1810 *Etenim
1005 1756 1073 1799 artus
1084 1755 1108 1798 et
1118 1751 1222 1800 membru

122 1819 180 1862 tunc
190 1818 331 1862 consmuan't
340 1816 434 1862 niodum
443 1818 467 1863 et
478 1813 550 1861 robur
560 1813 693 1877 firmitatis
704 1815 799 1876 debite,
817 1831 871 1864 cum
883 1815 956 1876 iliud,
966 1817 1026 1879 quod
1037 1815 1117 1863 editur
1127 1816 1158 1863 ad
1168 1829 1220 1863 sus·

121 1878 275 1926 tentationem
285 1877 360 1926 totius
376 1877 488 1940 corporis,
497 1877 649 1926 distribuitur
657 1879 683 1927 in
694 1879 772 1926 omnia
783 1880 886 1928 manbre
896 1884 1008 1941 tanquam
1017 1878 1121 1940 singulis
1128 1892 1222 1942 prapa-

121 1947 201 1989 ratum
209 1956 240 1989 ex
250 1956 325 2003 oequo.
357 1940 394 1990 Ar
404 1944 496 2004 quando
507 1941 534 1989 id
544 1956 590 1989 non
591 1941 636 2005 fit,
645 1947 702 1990 tune
713 1945 750 1990 ait
760 1943 826 2005 sequi
837 1948 936 1992 mortem
947 1944 1059 2006 corporis.

580 2100 762 2122 mmo

120 2209 280 2266 naturalibus.
299 2214 419 2265 oud-9
435 2216 489 2264 Ms.
502 2215 576 2265 Fulr.
591 2218 680 2278 paruo.
715 2212 789 2264 Leid.
809 2216 897 2278 pastio.
916 2215 1030 2264 Floreat.
1049 2216 1127 2266 Voss.
1146 2216 1222 2266 Harl.

121 2281 235 2330 Puteau.
249 2281 323 2342 potio.
357 2279 388 2328 In
408 2279 508 2330 Beued.
528 2286 628 2330 tuntum
643 2279 760 2343 portionis
775 2284 895 2342 procurat.
929 2280 999 2328 Male
1018 2292 1116 2329 omnes.
1150 2281 1221 2330 Plin.

120 2344 165 2394 lib.
177 2358 239 2394 xxi.
252 2359 275 2392 c.
286 2348 310 2392 3.
325 2345 333 2372 ‘
346 2343 377 2391 In
388 2344 437 2392 boc
449 2351 490 2392 est
499 2345 585 2408 eliqua
595 2344 752 2394 valetudinis
765 2343 867 2405 portio?
884 2344 972 2392 Id.-l
991 2344 1091 2392 Bened.
1101 2346 1187 2393 nodum
1198 2351 1223 2393 et

119 2412 177 2458 oict.
190 2424 214 2458 u.
226 2409 341 2459 menae.
374 2408 405 2456 ln
424 2407 515 2456 eodem
533 2423 593 2457 mox
610 2409 685 2458 abest
701 2407 866 2468 magnitudine
876 2415 904 2455 et
915 2414 955 2455 est
965 2408 1111 2456 exteriorum
1123 2422 1170 2470 pro
1180 2422 1222 2457 es-

119 2481 249 2523 teruorum.
266 2472 358 2520 Id.-2
376 2472 429 2520 Nea
446 2471 527 2533 pabuli
537 2472 638 2522 sarcina
654 2472 831 2521 immoderatius
844 2470 941 2519 innecti.
976 2471 1060 2518 Nemo
1072 2485 1121 2519 non
1133 2474 1222 2532 tegen-

118 2536 181 2586 dum
194 2537 281 2585 videt:
299 2551 341 2585 neo
358 2535 440 2596 prdidi
454 2536 549 2585 sarcina
565 2536 741 2585 immoderatius
750 2534 846 2584 inuecti.
880 2534 1009 2595 Repetito
1029 2534 1132 2583 ἀπὸτοῦ
1144 2536 1221 2583 κοινοῦ

120 2602 252 2650 obteritur:
269 2614 319 2648 non
341 2601 469 2648 obteritur
489 2602 590 2650 sarcina
610 2600 706 2663 pabuli.
723 2599 817 2661 Soiopp.
833 2598 859 2646 in
875 2597 956 2661 Sunii.
989 2597 1089 2647 Sareisa
1107 2600 1222 2649 Floreat,

120 2665 326 2728 vulgo,snrcinoe,
337 2665 413 2712 male.
434 2664 539 2713 Elmenb.
572 2666 655 2714 Recte
675 2663 770 2712 sarcina
786 2664 876 2725 legunt
893 2662 1000 2724 Sciopp.
1017 2663 1098 2712 Wow.
1113 2669 1141 2712 et
1153 2663 1220 2713 Elm.

119 2737 352 2791 continuantque
372 2727 409 2775 its
430 2725 527 2776 diserte
539 2728 656 2776 Floreat.
669 2735 696 2775 et
709 2725 808 2775 Bened.
842 2726 874 2775 ln
894 2725 960 2774 Mss.
979 2725 1086 2787 reliquis
1107 2734 1135 2775 et
1153 2726 1221 2778 Edd.

119 2793 248 2856 prioribus
259 2792 359 2839 saraim
369 2792 412 2839 vel
421 2792 529 2840 carcine:
546 2798 575 2840 ut
586 2790 618 2841 ed
629 2793 636 2818 ‘
647 2787 840 2853 magnitudine’
857 2787 995 2839 referatur.
1029 2788 1081 2840 Sed
1100 2790 1158 2851 ipsa
1167 2806 1221 2840 sar·

118 2859 173 2906 cina
184 2866 225 2904 est
235 2856 387 2917 magnitudo
397 2869 442 2902 seu
455 2856 555 2919 pondus
567 2855 672 2904 nimium
683 2854 841 2917 patuitque
849 2853 976 2901 obteritur
985 2855 1088 2904 sanitas.
1113 2856 1222 2904 Frustra

120 2932 208 2969 etitem
221 2920 261 2969 ΙΙΙ,
276 2920 309 2968 N.
322 2919 445 2968 Heinsius
459 2918 565 2980 ruargini
583 2918 672 2967 allevit
689 2919 782 2978 sagina.
817 2915 869 2964 Adi
881 2917 985 2964 omnino
997 2916 1029 2966 ad
1044 2919 1110 2968 Met.
1122 2919 1168 2968 lib.
1181 2933 1220 2978 ru.
1239 2960 1247 2972 ,

119 3000 146 3047 p.
159 2989 217 3033 271.
232 2984 257 3032 b.
273 2983 396 3031 ‘sarcina
415 2982 530 3045 corporis
548 2982 725 3045 proevalebnti
757 2979 827 3030 Dein
842 2981 938 3029 Bened.
955 2981 1031 3029 modo
1046 2983 1220 3033 immoderanti.

120 3050 239 3096 (lud-3
258 3047 358 3096 Bened.
378 3051 410 3094 et·
427 3044 517 3096 ΙΙΙ-4
535 3047 608 3096 Harl.
622 3047 671 3096 Ed.
688 3045 745 3093 Vic.
761 3044 901 3106 sigillatim:
919 3045 1221 3106 male.v.snpra.1d.—
1288 3107 1294 3110 Μ

118 3120 133 3162 5
157 3112 341 3161 Verumenimn.
374 3110 441 3158 liae
459 3124 540 3174 usque
560 3111 592 3158 ad
609 3109 687 3158 finem
704 3109 798 3157 desunt
814 3107 880 3156 Mss·
906 3109 981 3156 Vulc.
992 3107 1067 3159 Harl.
1079 3110 1180 3160 Bened.
1192 3100 1220 3158 et

119 3179 150 3229 τὰ
168 3193 221 3226 cum
240 3176 266 3223 id
285 3173 381 3223 minime
390 3173 426 3236 fit
445 3173 539 3222 absunt
558 3189 574 3222 a
586 3175 662 3222 Voss.
681 3173 768 3221 ΙΙΙ-6
785 3172 853 3221 Edd.
869 3171 944 3222 Vulc.
957 3186 996 3234 pr.
1009 3173 1220 3236 Wow.sequitur.

118 3243 197 3292 male.
230 3242 328 3289 Rursus
339 3240 408 3286 enim
421 3237 625 3300 subintelligitur
636 3239 709 3286 serrtit
720 3237 802 3285 Plato.
814 3236 871 3285 scil.
883 3236 908 3283 in
917 3237 1012 3285 Timaeo
1023 3253 1048 3300 p.
1057 3241 1130 3287 lust.
1152 3239 1219 3286 Vide

118 3319 209 3368 supra.
242 3302 325 3352 Abest
335 3302 384 3350 hoc
396 3303 501 3350 verbum
514 3317 528 3350 a
539 3303 616 3351 Voss.
635 3302 680 3365 qui
700 3314 747 3364 pro
765 3300 870 3362 corporis
888 3307 987 3349 tautum
1004 3301 1049 3349 dat
1065 3307 1131 3364 copi,
1142 3308 1170 3349 et
1180 3316 1219 3349 se·

118 3376 242 3434 qurentenr
262 3367 354 3414 librum
375 3366 430 3413 stne
446 3366 613 3417 distinctione
632 3366 671 3416 bis
689 3365 857 3428 succutiunt
875 3373 903 3416 et
921 3364 1021 3416 faciunt
1037 3366 1102 3416 Mss.
1118 3364 1171 3427 alii,
1189 3371 1219 3416 ut

118 3434 195 3486 Fnlr.
208 3430 309 3487 Beued.
322 3433 372 3483 &a
391 3430 431 3482 id.
