2694 4710
179 326 267 391 11174
505 337 616 386 arun.
640 336 690 384 os
712 334 830 385 noan.
855 334 961 381 rear.

181 489 282 562 earet,
298 484 459 566 fieretque
475 482 597 564 etipse
613 487 725 545 totus²
740 478 932 543 modulatus
948 495 989 539 ac
1003 475 1164 539 musicus.
1197 475 1278 539 Huc

159 591 161 594 ⁴
179 588 317 668 lingua,³
331 592 364 650 et
378 585 523 665 dentium
541 585 687 661 uallum,c
708 588 742 646 et
764 581 873 663 ipsius
894 578 1025 643 osculi4
1047 586 1205 641 venustas
1222 597 1278 640 ac-

179 689 302 753 cessit:
326 689 416 771 quod
432 686 566 770 quidem
582 687 657 751 aliis
673 685 895 749 animantibus
919 683 962 745 ad
984 681 1185 765 explendam
1207 681 1278 743 vic·

178 794 232 854 tus
246 789 491 865 necessitatem,
513 785 772 868 inserendasque
788 785 892 849 ventri
906 784 1027 866 copias
1044 788 1276 864 comparatum

76 944 79 951 .
179 896 249 972 est:
265 892 325 955 sed
339 890 487 955 homini⁵
503 889 744 972 promtuarium
755 886 864 970 potius
878 894 977 948 rectae
990 883 1131 946 rationis
1148 889 1183 946 et
1198 901 1279 945 sua·

177 994 328 1059 vissimaa
344 992 505 1057 orationis
519 994 581 1056 boo
598 990 711 1054 datum
728 995 782 1053 est
792 986 828 1069 3⁶
843 992 878 1052 ut
893 1006 970 1069 quae
985 975 1162 1068 prudentia
1173 983 1278 1047 eorde

179 1097 382 1179 conceperit,
397 1115 438 1159 ea
452 1103 572 1159 sensa⁷
593 1099 726 1176 promat
741 1092 862 1156 oratio.
907 1089 974 1154 Sed
990 1088 1048 1152 et⁸
1074 1087 1180 1150 totins
1201 1103 1279 1148 cor-

176 1197 272 1280 poris]
289 1197 424 1261 habitus
449 1205 483 1260 et
507 1197 613 1278 figura
637 1196 858 1258 membrorum
884 1192 955 1256 alia
978 1188 1167 1254 conditione
1195 1193 1278 1249 sunt

176 1299 316 1380 optima,
339 1300 406 1363 alia
427 1300 550 1378 longe⁹
569 1298 697 1380 pejora.
742 1296 904 1360 Inferiore
926 1299 1104 1374 reguntnr¹
1132 1288 1279 1372 optima-

175 1396 284 1459 tium²
309 1399 513 1480 praestantia,
532 1408 564 1461 et
586 1398 664 1480 ipsa
687 1396 902 1460 ministerium
930 1397 1104 1475 suggcmnt
1116 1390 1277 1454 victuale.

176 1495 290 1559 Pedes
306 1496 448 1580 denique
462 1499 670 1561 humerorum
685 1502 800 1560 tenns³
822 1494 926 1577 capiti
941 1495 1109 1559 obediunt.
1154 1492 1203 1555 At
1218 1510 1277 1556 sn-

175 1700 218 1762 lor,
228 1701 321 1766 ipseque
339 1706 452 1753 eraderet
466 1707 531 1753 totus
547 1718 683 1752 numerosus
699 1718 727 1751 uc
746 1702 856 1752 musicus.
890 1702 986 1750 Proetsr
1002 1701 1109 1763 linguam
1120 1698 1279 1748 additumest

174 1770 266 1827 septum
277 1767 392 1828 dentium,
403 1773 426 1816 ct
437 1771 506 1816 decor
516 1767 590 1830 ipsius
601 1770 658 1828 oris,
667 1770 728 1830 quod
739 1767 832 1829 quiderm
845 1768 928 1815 dutum
944 1773 979 1816 rst
990 1768 1077 1815 ceteris
1091 1763 1233 1814 animalibus
1244 1766 1278 1812 ud

167 1829 356 1879 subueniendum
367 1833 503 1880 necessitati
512 1834 599 1894 rictus,
611 1837 633 1880 et
644 1832 814 1894 suppeditanda
824 1831 936 1880 alimenta
947 1832 1015 1879 utro:
1033 1836 1059 1879 nt
1074 1831 1133 1878 illud
1144 1842 1279 1877 concessum

175 1898 212 1941 est
223 1895 314 1943 bomiri
323 1901 351 1944 ut
362 1902 422 1944 esset
432 1911 506 1959 percus
517 1899 589 1944 rectoe
600 1897 701 1944 rationis
712 1902 736 1945 et
750 1895 863 1944 sermonis
870 1895 1048 1954 jucundissimi,
1059 1900 1086 1942 rrt
1100 1908 1174 1941 sermo
1189 1889 1278 1954 efferat

173 1956 228 2005 illes
238 1959 404 2020 cogitationes,
421 1975 479 2022 quas
492 1959 624 2008 Prudentia
635 1958 779 2016 sormaverit
795 1958 820 2005 irr
836 1961 938 2018 pectore.
976 1950 1063 2005 Verum
1080 1957 1192 2004 bubdudo
1203 1956 1278 2004 etium

174 2021 249 2068 totius
259 2023 363 2084 corporis
373 2023 484 2079 etsormu
494 2021 624 2082 singularis
635 2026 679 2070 est.
713 2019 874 2070 Membrurum
884 2022 991 2082 quedam
1001 2020 1087 2069 bobert
1098 2019 1212 2082 optimum
1221 2034 1278 2068 cou-

173 2083 294 2142 ditiorrem,
305 2088 411 2147 quedam
423 2085 509 2134 babent
519 2087 592 2134 multo
606 2085 754 2134 deteriorem.
787 2085 848 2138 Quoe
859 2085 976 2132 deteriora
987 2088 1052 2145 sunt,
1060 2084 1223 2146 gubernantur
1232 2097 1277 2131 ex-

173 2149 282 2198 cellentia
293 2150 422 2198 meliorum.
455 2151 533 2212 Atque
550 2150 754 2210 ipsafurrguatur
767 2151 841 2213 ‹rffimo
853 2144 983 2197 nutriendi.
1020 2149 1128 2210 Denique
1146 2166 1161 2196 u
1177 2147 1277 2210 pedibus

173 2225 247 2273 usquc
257 2214 288 2260 nd
297 2213 404 2261 humeros
415 2215 493 2262 omniu
510 2213 612 2262 merrbrs
622 2219 707 2277 parent
718 2212 799 2275 cupiti.
834 2213 911 2261 Porro
922 2218 989 2275 septo
1004 2213 1180 2276 superciliorum
1192 2212 1275 2271 deferr-

157 2456 232 2501 'eam
242 2453 349 2502 disceret.
380 2453 454 2502 Voss.
466 2467 629 2514 numerusque.
648 2451 768 2502 ond—2
785 2453 925 2516 Totusipsc.
942 2453 1015 2502 Harl.
1025 2454 1154 2515 ipsetotus.
1171 2455 1275 2504 Bened.

173 2517 249 2565 Voss.
265 2524 289 2566 st
305 2518 356 2580 ipse
374 2523 447 2567 totus.
481 2519 564 2565 Bene.
582 2519 669 2566 ld.—3
688 2518 801 2576 Margus.
814 2518 891 2567 Poit.
906 2519 1002 2578 lingue.
1019 2519 1131 2568 Colvins.
1163 2519 1227 2568 Scil.
1247 2522 1274 2570 in

173 2579 269 2630 dativo.
303 2583 399 2629 Contra
412 2582 475 2629 Mss.
488 2581 513 2629 id
530 2595 653 2642 recepere
664 2581 730 2629 Elrn.
740 2581 822 2651 Scriu
836 2583 904 2633 Flor.
940 2581 1048 2645 Optime
1059 2584 1159 2632 Bened.
1170 2584 1215 2632 buc
1226 2585 1274 2634 lirr-

170 2659 229 2704 guo.
248 2645 368 2693 oud—d
381 2644 455 2694 Harl.
464 2644 564 2694 Bened.
575 2646 644 2693 oculi.
658 2645 746 2693 ld.-d
760 2646 882 2695 Hominis.
898 2646 998 2708 Malim,
1007 2647 1105 2694 bomini.
1121 2648 1273 2698 Vulcanius.

171 2708 292 2757 Vulcanii
304 2709 484 2770 conjecturam
505 2717 588 2756 testor
606 2708 752 2757 confirmari
770 2711 853 2759 Fulvii
871 2724 997 2758 manuscr.
1014 2712 1110 2758 bomiri.
1127 2712 1234 2774 Sciopp.
1246 2714 1274 2761 in

171 2772 260 2833 symb.
293 2773 384 2820 Mustis
404 2772 482 2820 anr.
500 2779 529 2821 et
549 2773 622 2820 Fulr.
642 2773 743 2820 accedit
761 2773 877 2822 Floreat.
897 2782 974 2835 arque
996 2772 1033 2821 ita
1048 2774 1104 2835 jam
1124 2775 1273 2838 conjecerat

170 2836 248 2884 Stevr.
282 2835 352 2884 Ante
363 2837 475 2886 Wower.
487 2836 613 2885 edebatur
624 2835 732 2884 bominis.
758 2836 959 2885 Bened.lromr'ri
973 2835 1001 2884 ob
1011 2844 1113 2899 prompt.
1145 2839 1272 2889 Procum-

167 2904 281 2962 purulum
299 2901 372 2950 Voss.
391 2902 580 2962 comparandum.
598 2899 717 2948 Oua-o
733 2900 793 2948 Vet.
812 2899 875 2948 edir.
886 2901 988 2948 rationis
998 2906 1022 2948 et
1032 2902 1178 2958 munimime
1189 2901 1272 2953 dutum

169 2969 214 3013 est.
233 2963 347 3013 Colvius.
379 2963 539 3012 narrationis
550 2962 1049 3026 bocnonagnosountEdd.anteJunr.
1066 2975 1131 3027 post.
1164 2967 1218 3016 Pro
1229 2971 1273 3019 du·

169 3031 220 3076 tum
230 3027 331 3077 Bened.
343 3028 438 3076 elutum.
455 3026 525 3076 Oud.
559 3026 668 3075 casaub.
680 3027 712 3075 ad
726 3027 803 3089 Apol.
816 3043 841 3089 p.
854 3033 910 3077 411.
927 3029 976 3077 Ed.
988 3028 1056 3078 Flor.
1070 3031 1152 3079 locnnr
1165 3032 1268 3082 citans:

169 3091 258 3140 toarni
268 3091 438 3154 promtuarium
448 3097 520 3139 recte
529 3095 577 3139 rat.
589 3097 612 3140 et
622 3106 687 3140 suar.
697 3098 759 3139 orat.
770 3107 797 3140 os
807 3093 889 3141 dutum
900 3097 944 3153 est,
955 3091 1068 3142 fortasse
1080 3095 1161 3156 magis
1171 3095 1271 3146 Aucto·

168 3155 204 3203 ris
214 3170 315 3204 sensum
328 3169 403 3217 qrram
424 3156 503 3204 rerba
521 3154 553 3202 ob
572 3156 659 3204 oculos
678 3155 775 3204 babuit.
807 3155 890 3212 Alias,
899 3156 921 3203 si
931 3171 957 3204 os
969 3158 1045 3205 Maris
1058 3160 1162 3220 probari
1174 3169 1270 3224 posset,

169 3220 286 3282 apprime
299 3219 424 3281 placeret.
441 3220 468 3269 J.
480 3219 642 3268 Berroia-⁷
662 3218 736 3267 Harl.
751 3226 896 3281 conceperat.
929 3221 1003 3268 Voss.
1023 3224 1134 3285 concepit.
1166 3224 1269 3275 Bened.

168 3284 300 3344 conceperit
319 3296 358 3331 eus
373 3298 422 3332 usu.
440 3283 557 3333 Onu-a
575 3282 649 3335 Harl.
666 3285 741 3332 Voss.
759 3290 787 3331 et
806 3283 873 3333 Edd.
891 3291 952 3332 ante
964 3285 1075 3333 Vulcan.
1088 3302 1145 3336 eum
1160 3289 1271 3338 Worrer.

166 3360 218 3395 non
230 3348 369 3396 habentes.
386 3346 478 3396 ld.-9
494 3348 569 3397 Rern.
585 3353 612 3397 et
630 3349 691 3396 Bas.
710 3350 736 3396 2.
754 3347 871 3410 Reliqua
887 3354 957 3410 atque
974 3350 1050 3410 lorge.
1076 3351 1190 3400 Colvius.
1224 3354 1269 3403 Sic

166 3419 239 3460 reete
250 3411 314 3460 Mss.
327 3417 354 3460 et
365 3411 431 3460 Edd.
442 3420 503 3461 ante
515 3411 632 3461 Elmenlr.
643 3411 760 3473 exceptis
772 3413 852 3461 Basil.
864 3412 890 3460 in
899 3412 990 3473 quibus
999 3420 1068 3476 atque
1077 3416 1093 3462 l.
1111 3416 1179 3463 unde
1189 3416 1269 3468 slew,

68 3482 70 3488 ’
167 3475 281 3537 conjecit
291 3476 394 3538 elinque,
406 3477 473 3539 qnod
485 3476 551 3524 male
564 3483 654 3525 tacens
667 3475 777 3536 arripuit
788 3477 854 3525 Elm.
872 3483 901 3525 et
912 3491 984 3541 seqq.
1004 3478 1115 3527 oud-l
1133 3481 1210 3530 Voss.
1223 3497 1268 3543 ge-

167 3545 263 3599 runtur,
272 3547 397 3604 reguntur,
409 3541 489 3589 ducta
500 3541 593 3589 lineola
612 3540 658 3587 snb
668 3543 793 3601 geruntur.
812 3540 902 3588 iri—a
921 3542 993 3589 Harl.
1004 3550 1032 3589 et
1050 3542 1116 3592 Edd.
1131 3551 1192 3592 ante
1204 3547 1267 3593 Val-

168 3617 225 3651 can.
236 3607 383 3665 optimatum.
401 3603 492 3652 let-s
512 3604 592 3652 Humo
613 3609 688 3652 tenus.
722 3603 821 3652 Omnes
839 3603 895 3653 fere
914 3605 973 3653 libri
989 3614 1108 3654 ueteres:
1125 3608 1221 3656 humero
1232 3615 1268 3658 te-

166 3680 219 3715 nus.
253 3668 341 3716 Satius
360 3675 447 3716 tamen
468 3669 547 3716 visum
563 3669 636 3729 sequi
650 3667 791 3730 vulgariam
812 3669 959 3732 lectionem,
971 3676 1064 3732 utpote
1083 3670 1267 3733 simpliciorem

168 3738 195 3780 et
208 3729 357 3792 pleniorem.
379 3733 481 3782 Woroer.
517 3731 616 3781 Bened.
635 3731 702 3780 Edd.
722 3739 783 3780 ante
797 3733 909 3781 Vulcan.
928 3734 989 3781 item
1009 3735 1090 3782 Wow.
1101 3735 1171 3782 trumo
1182 3741 1268 3786 temese

167 3793 213 3847 sed
226 3797 299 3849 male.
311 3795 554 3855 Arrctorait,omnia
564 3796 680 3844 membra
689 3802 716 3844 et
728 3796 857 3855 universa,
866 3797 912 3855 (de
922 3798 1027 3858 singulis
1036 3800 1174 3860 separatim
1182 3801 1268 3862 aget)

168 3858 201 3907 ab
212 3858 268 3910 imis
281 3876 359 3923 usque
372 3862 403 3908 ad
416 3876 522 3919 summa,
534 3860 612 3921 capiti
626 3859 743 3920 obedire,
754 3868 782 3909 nt
795 3876 821 3923 p.
833 3865 890 3909 586.
907 3861 1012 3909 ‘cetera
1023 3864 1140 3911 membra
1149 3866 1267 3913 ancillari

166 3929 195 3971 et
207 3925 352 3975 subservire
363 3924 463 3990 capiti!
496 3923 549 3976 Sed
561 3938 662 3974 curum
673 3925 786 3975 humero?
820 3925 902 3974 Recte
915 3939 976 3988 ergo
989 3927 1055 3978 Mss.
1066 3929 1178 3978 Floreat.
1191 3929 1267 3979 Fulr.

660 4054 768 4106 NOTAE

426 4175 437 4201 ⁰
449 4166 566 4216 Dentium
577 4168 676 4232 uallum]
693 4169 810 4221 Homero
821 4168 887 4234 &pror
898 4167 1005 4221 ὀδόντων.
