2694 4710
296 300 419 357 nini.
445 302 530 350 sive
555 301 603 349 ne
628 299 775 348 t’HtLOS.
799 300 946 348 uerus.
1016 267 1018 274 ’
1084 281 1171 346 1045

71 467 185 532 posse.
230 445 403 510 Platonis5
418 447 492 527 baec
507 446 608 509 verbu
624 449 719 510 sunt:
735 444 791 507 θεὸν
802 446 885 528 εὑρεῖν
898 468 930 505 rs
942 441 1044 526 ἔργννῖ
1057 440 1173 528 εὑρόντα,

72 549 100 611 δὲ
122 554 157 623 εἰς
181 549 303 622 πολλοὺς
329 545 448 633 ἐκφέρειν
471 544 630 610 νἰδύνοννον.6
676 545 855 636 Materiam
876 565 955 609 vero
971 547 1170 627 improcreaa

72 637 527 735 bilem⁸incormptami1ne⁷
550 653 797 726 commemorat,
820 667 888 710 non
910 648 1032 728 ignem,
1061 654 1170 734 neque

73 773 205 836 aquam,
219 773 282 817 nec
296 753 389 816 aliud
401 752 442 814 de
458 751 632 834 principiis
647 757 682 814 et
695 748 881 813 absolutis⁸
897 750 1068 813 elementis
1077 769 1174 816 esse:

73 855 191 918 sodex
215 854 371 917 omnibus
394 854 537 935 primam
559 851 736 934 figurarum
762 859 948 934 capacem,⁹
968 850 1175 935 sectionique
1208 846 1211 854 ’
1263 844 1266 850 ’

73 954 294 1038 subjectamt‘
315 954 435 1018 adhuc
449 954 576 1030 rudem,
598 959 631 1017 et
653 952 859 1034 figurationis
878 952 1042 1035 qualitate
1058 953 1175 1018 vidua-

72 1064 152 1133 tam,
167 1057 263 1120 Deus
287 1056 408 1120 artifex
431 1057 619 1119 conformat
643 1055 855 1118 uniuersam.¹
900 1052 1173 1120 Infinitamvero

71 1157 212 1235 idcirco,
237 1156 328 1240 qnod
352 1157 385 1220 ei
405 1157 474 1221 sit²
497 1155 711 1220 interminata
725 1155 928 1236 magnitudo.
974 1155 1066 1220 Nam
1082 1157 1175 1239 quod

72 1258 235 1324 infinitum
255 1264 317 1335 est,
332 1258 584 1322 indistinctam³
608 1257 844 1340 magnitudinis
863 1256 1096 1323 habetfinem:
1124 1265 1175 1323 at·

73 1379 140 1443 que
155 1359 244 1434 idco,
260 1379 335 1423 cum
357 1359 498 1423 viduata
518 1360 561 1422 sit
584 1359 662 1436 fine,
685 1357 858 1421 infinibilis
877 1363 968 1422 recte
993 1359 1099 1423 videri
1114 1355 1176 1444 po-'

72 1467 167 1524 test.u
209 1459 301 1540 [573]
317 1460 384 1525 Sed
398 1480 506 1544 nequo
520 1479 725 1543 corpoream,
746 1478 851 1542 neque
865 1479 946 1524 sane
957 1466 972 1507 4
983 1467 1002 1494 W
1017 1462 1177 1546 incorpo-

68 1674 159 1734 plnres.
191 1673 256 1721 Hcs
274 1678 330 1722 sunt
346 1672 417 1720 umbe
428 1672 548 1726 Platonis,
564 1671 572 1699 ‘
585 1672 666 1721 Deum
684 1677 708 1721 et
723 1673 829 1722 inuenire
839 1674 943 1739 difficile,
955 1680 979 1724 et
997 1676 1027 1724 ab
1043 1691 1070 1724 ee
1085 1675 1126 1737 qni
1137 1675 1175 1723 in·

72 1737 166 1785 senuit
176 1736 202 1784 in
212 1739 296 1785 multos
314 1736 397 1799 efferri
412 1735 570 1797 impossibiie)
603 1737 648 1786 sn
664 1751 720 1785 cetu
734 1738 864 1786 Materiam
882 1753 932 1788 esse
949 1739 1141 1800 ingenerabilem,
1150 1743 1176 1788 st
1193 1792 1198 1797 s

72 1800 286 1862 incorruptibilem,
296 1806 321 1849 et
331 1816 383 1849 eum
397 1815 444 1849 non
462 1814 514 1849 erse
524 1800 617 1860 Ignem,
627 1814 699 1862 neque
710 1800 812 1864 Aquam,
823 1817 897 1865 neque
911 1803 977 1851 uliud
993 1818 1024 1852 es
1036 1803 1176 1857 Elementis,

71 1877 114 1912 sen
123 1865 248 1927 principiis
255 1864 384 1927 perfectis:
398 1866 439 1912 sed
449 1880 501 1913 eum
511 1879 561 1912 esse
571 1864 674 1926 menum
685 1865 788 1913 omnium
799 1865 1001 1929 optumfigururi,
1011 1873 1035 1916 et
1045 1868 1177 1916 elaborari:

73 1927 142 1976 Deus
145 1929 280 1988 fabricator
290 1928 423 1992 configuret
434 1928 595 1976 internatibus
605 1928 738 2002 imperem,
754 1934 778 1977 et
792 1936 909 1978 carentem
920 1932 1054 1980 charactere
1071 1931 1176 1992 consign-

72 1991 184 2040 rsticnis.
217 1993 274 2042 Ideo
290 1997 369 2041 eutem
377 1993 414 2041 cit
430 2007 482 2039 eum
493 2007 543 2040 esse
560 1991 688 2057 infinitum,
699 1993 755 2053 quic
765 1993 833 2041 lubet
849 1995 1009 2043 extensionem
1018 1995 1175 2043 illimitetum.

77 2054 146 2107 Quod
157 2057 218 2104 enin
228 2063 264 2105 est
282 2056 413 2121 infinitum,
424 2055 494 2104 lubet
511 2055 599 2104 limites
610 2055 756 2104 extensionis
769 2056 972 2119 indeterminatus,
981 2058 1113 2121 idcircoque
1124 2073 1176 2107 cum

74 2125 155 2168 cureat
166 2120 336 2183 terminujure
350 2124 426 2184 potest
437 2133 551 2183 apparere
567 2119 701 2183 indefinite.
735 2120 770 2169 At
780 2122 952 2184 nequefutetur
968 2138 1020 2172 scen
1035 2137 1085 2173 esse
1095 2137 1176 2185 corpo·

534 2262 717 2283 ”timum

74 2362 276 2420 feretinuictttm,
290 2362 488 2417 innominabilem,
506 2361 524 2409 i.
542 2375 566 2410 e.
584 2359 693 2423 ἄρρητον,
710 2360 853 2421 ἀδόμοστον.
873 2364 985 2412 Onu-o
1004 2363 1114 2414 Abesta
1128 2367 1174 2414 ile·

75 2428 136 2476 ned.
154 2427 243 2476 [tt-6
259 2425 319 2473 Vid.
332 2426 396 2474 Not.
409 2425 520 2474 Van—t
538 2426 638 2474 Bened.
650 2425 769 2487 inprobet.
781 2442 826 2474 nnn
837 2441 899 2476 corr.
912 2435 938 2475 et
949 2442 1008 2475 mox
1019 2443 1079 2490 aque
1089 2445 1116 2477 ne
1130 2445 1176 2492 pro

74 2506 160 2554 equum
177 2505 228 2539 nec.
245 2490 365 2539 oud—8
382 2488 468 2538 Abest
482 2490 576 2551 copule
595 2488 663 2539 Edd.
681 2496 742 2539 ente
755 2491 829 2538 Colv.
853 2491 940 2539 let—s
956 2492 1056 2541 Bened.
1067 2493 1177 2557 figurem

74 2554 300 2669 {ephesiatldb-il
317 2553 428 2628 Quidam
447 2553 549 2666 tigridet
567 2553 711 2665 aucipites,
725 2553 843 2630 οοὶοοοοο.
856 2554 976 2667 ἕζοίριίιιρ.
1009 2556 1085 2667 Xois.
1101 2559 1176 2606 Vulc.

75 2631 476 2742 Bossclarblrztoelvliirziibedsiiei
491 2632 535 2730 itt:
551 2632 898 2732 Etmcntbiiri1is⁸f¹⁰nffteif
914 2629 1007 2745 qiicebi
1024 2621 1182 2734 :ppsapiaasst

76 2747 177 2809 quodsit
188 2746 218 2794 ei.
251 2745 326 2794 Fulv.
337 2747 398 2806 quod
408 2745 512 2794 Deisit:
530 2745 604 2794 rurale.
631 2747 707 2797 Voss.
720 2746 892 2795 interminatur.
910 2747 1029 2796 oud-3
1047 2748 1089 2796 Al.
1100 2750 1178 2797 indis·

75 2812 234 2860 tinctum-d
251 2810 328 2857 Voss.
338 2808 507 2858 Beued.⁴cum
528 2809 769 2859 Florentsedscne.
802 2810 878 2859 Harl.
894 2814 935 2860 sed
951 2827 981 2860 ne
996 2827 1059 2862 sune.
1094 2814 1176 2861 Bene.

76 2873 142 2924 ‘nc’
156 2889 203 2938 pro
215 2880 262 2921 ‘ne
274 2872 397 2937 quidem,’
410 2880 439 2922 ut
451 2872 555 2936 passim.
579 2874 611 2922 V.
623 2872 683 2923 tud.
701 2874 765 2924 Not.
777 2872 900 2939 Alioquin
913 2876 999 2924 scribe
1009 2878 1051 2925 sed
1062 2892 1104 2926 nec
1114 2892 1177 2927 sene.

574 3019 682 3070 NOTAE

78 3117 232 3176 ‘indictum
243 3114 470 3166 innominabilem!
624 3149 629 3157 -
649 3130 819 3179 quencumque
836 3131 868 3165 ex
890 3116 929 3166 bis
945 3116 1021 3180 fiunt,
1039 3132 1122 3182 nsque
1145 3133 1178 3168 ex

111 3193 384 3243 'Pictonislreccerbc
394 3199 465 3242 sunt.-
476 3190 528 3241 teir
535 3192 610 3250 εὑρεῖν
649 3192 742 3256 quibus
759 3193 833 3253 baec;
853 3191 900 3243 sed
917 3194 1031 3255 speciem
1048 3194 1179 3258 quendam

77 3289 106 3320 ec
118 3269 196 3333 ἔργον,
207 3269 268 3332 &c.]
289 3269 372 3318 Immo
384 3269 441 3318 baec
452 3282 484 3316 ex
495 3268 607 3316 Timaeo:
649 3266 815 3328 invisibilem,
840 3273 877 3315 et.
895 3267 1041 3331 informem,
1064 3271 1177 3319 omniurn

76 3347 121 3394 τὸν
132 3342 223 3405 μὲνοῦν
233 3343 379 3403 torneiensi
391 3340 483 3406 πατέρα
492 3341 611 3391 romscot
649 3343 840 3406 receptricem!
885 3352 892 3364 '

77 3421 168 3470 πόντος
185 3420 259 3482 εὑρεῖν
273 3437 301 3468 τε
318 3419 397 3481 ἔργον,
415 3419 454 3468 ecl
464 3418 562 3483 cupiere
576 3418 609 3469 eis
682 3421 690 3452 ²
707 3420 860 3482 Fecticnique
866 3418 1003 3483 adiectam]
1019 3420 1178 3470 stewechius

76 3497 169 3547 πάντας
175 3495 290 3544 ἀδύνατον
295 3493 385 3556 λέγειν.
393 3499 400 3525 ⁶
409 3497 549 3544 Factorem
561 3493 608 3556 igi·
649 3495 761 3544 malebat
763 3495 869 3560 fictioni.

78 3582 123 3623 tur
134 3579 162 3621 st
175 3579 273 3633 petrem
284 3572 358 3635 hujus
366 3570 487 3631 universi,
499 3577 525 3618 et
536 3569 607 3617 inve·
666 3568 667 3571 ’
681 3579 693 3605 ¹¹
710 3571 841 3635 infinibilis
850 3574 913 3619 reete
921 3569 998 3618 uideri
1008 3569 1096 3632 petest]
1113 3572 1122 3598 ‘
1134 3571 1179 3621 In-

77 3650 136 3698 nire
153 3645 267 3702 difficile,
284 3654 398 3707 etcum,
415 3643 459 3708 qui
479 3643 607 3692 invenerit
647 3643 798 3695 delinitam'
818 3652 907 3694 nostro
925 3660 981 3694 aevo
1001 3645 1069 3693 dixit
1086 3647 1179 3696 Certe-

78 3723 237 3789 impossibile
245 3729 287 3771 est
297 3719 391 3771 efferre
401 3721 428 3768 in
438 3719 547 3770 omnes’
648 3721 699 3769 sius
712 3720 848 3771 materiam
864 3722 916 3770 atio
936 3736 1021 3779 sensu,
1034 3724 1179 3773 concilicet

83 3831 85 3836 ·
110 3811 120 3835 ¹
136 3802 266 3853 Materiam
276 3814 330 3850 nere
339 3799 547 3862 inprccrecbilem,
556 3795 610 3861 isc]
648 3796 717 3859 qnod
735 3797 819 3844 nullos
835 3798 891 3860 ejus
909 3797 972 3846 fines
989 3800 1073 3849 animo
1085 3799 1180 3862 depre-

80 3879 160 3929 Plato
170 3879 195 3926 in
206 3876 299 3926 sedem
316 3875 414 3924 Timaeo
425 3875 462 3923 sit
473 3875 610 3923 materiam
649 3872 792 3921 henderet:
816 3871 894 3920 Picto
920 3872 971 3934 hic,
992 3873 1060 3937 quud
1083 3872 1180 3922 formas

78 3940 206 4005 ‘ciatrem
226 3960 255 4003 et
281 3951 476 4015 receptaculum
497 3951 608 3998 omnium
650 3960 744 4009 cepere
757 3953 843 4008 posset
854 3945 975 3995 infinitus.

79 4037 257 4082 creaturarum
273 4027 471 4091 aspectabilium
489 4035 517 4075 et
531 4024 610 4075 sensi·
683 4028 699 4053 w
715 4021 765 4070 Sed
781 4035 852 4082 neque
868 4036 1012 4083 corporeum,
1027 4036 1100 4086 reque
1115 4039 1181 4086 sene,

79 4104 181 4166 billum,
201 4117 285 4167 neque
297 4110 404 4162 terrum,
418 4115 503 4165 nsque
513 4099 611 4160 uitem,
650 4095 703 4162 isc]
719 4095 867 4146 chalcidius
878 4096 904 4144 in
912 4097 1180 4148 Pletonis'l'imuum:

79 4196 166 4248 nsque
184 4181 280 4245 iguem,
298 4191 506 4246 neque-squam,
525 4190 610 4242 neque
651 4172 770 4226 ‘Quibus
780 4171 818 4221 ita
834 4171 950 4224 decursis
967 4174 1093 4240 sequitur,
1105 4181 1134 4225 ut
1145 4189 1180 4224 su
