2694 4710
119 295 204 358 litut
440 310 550 358 neue.
576 310 624 354 ns
649 309 764 355 nucu.
790 308 897 356 nour.

24 470 32 478 ·
118 452 175 512 nia
190 470 230 512 ae
244 451 416 534 principiis
438 452 610 532 occupari.
656 450 771 531 ignem
793 456 868 514 ante
892 449 983 512 uliu⁷
1011 450 1220 529 superiorem

120 551 212 628 [583]
232 571 317 621 esse,
345 571 424 614 mox
454 551 540 615 atris
569 552 703 614 locum:
728 552 802 614 bino
829 571 925 633 squce
950 549 1165 632 proximum:
1188 558 1219 612 et

119 659 197 716 tuuc
212 654 342 735 globum
365 661 458 718 terrae
475 655 507 716 in
523 652 632 716 medio
649 653 750 716 situm
767 653 934 735 aequalem
949 651 1036 726 loco,
1052 669 1095 713 so
1110 650 1220 730 figura
1237 732 1238 736 Ἰ

119 754 324 817 immobilem
341 761 438 816 stare.
483 752 561 815 Hos
583 760 746 817 astrorum
768 752 883 835 ignes⁸
911 752 1051 834 sphaeris
1067 747 1220 825 affixos}

118 855 290 935 perpetuis
317 857 416 936 atque
439 852 615 916 indefessis
642 855 795 917 cursibus
810 854 900 917 labi:
925 853 1036 916 ethos
1053 853 1219 914 animales

67 942 70 946 ⁵
120 955 212 1016 Deos
226 954 309 1016 dicit
323 960 421 1015 esse.c
465 952 679 1034 Spbaerurum
696 973 773 1018 vero
789 956 954 1036 ingenium
970 973 1013 1015 ex
1027 953 1117 1033 igni⁹
1141 971 1220 1015 cou-

119 1055 211 1118 litum
228 1050 486 1118 et'ssbricatum.
530 1054 608 1118 lam
624 1056 700 1135 ipsa
722 1056 934 1118 animantium
952 1071 1071 1135 genera
1086 1054 1119 1114 in
1136 1072 1220 1134 quu-

119 1163 196 1218 tuor
210 1156 342 1237 species
355 1153 387 1190 ’ἀ
403 1155 611 1219 dividuntur:
634 1175 774 1239 quarum
791 1174 857 1218 una
871 1161 922 1219 est
937 1174 983 1218 ex
996 1161 1116 1217 nutura
1132 1153 1219 1236 iguis

48 1338 51 1343 ι
121 1256 295 1340 ejusmodi,
319 1256 451 1338 qualem
475 1255 587 1318 Solem
602 1263 637 1318 et
652 1257 806 1319 Lunam²
830 1257 994 1332 videmus,
1018 1263 1219 1336 ceterasque

120 1357 264 1420 siderum
280 1357 416 1421 stellas:
440 1358 578 1421 alterum
600 1377 642 1424 ox
663 1355 778 1422 ueriu³
806 1359 993 1440 qualitate3
1014 1356 1102 1418 bunc
1117 1356 1220 1419 etium

122 1458 345 1522 Desmonum4
360 1460 443 1524 dicit
457 1466 488 1518 ιΘ
511 1459 643 1522 tertium
666 1480 710 1524 ex
724 1479 813 1540 aqua
827 1467 983 1541 terraque
998 1456 1220 1533 coalescere,⁵

120 1652 208 1699 Postea
216 1655 328 1701 elementa
338 1669 366 1701 us
374 1653 505 1714 primordia
514 1658 592 1700 terere
603 1653 680 1700 omnia
692 1653 780 1714 relique
791 1653 877 1716 spatis.
910 1653 995 1712 Ignem
1005 1652 1107 1712 primum
1117 1650 1221 1697 omullus

121 1715 331 1776 altissimmus,
345 1720 399 1778 post
418 1731 470 1763 eum
484 1717 558 1763 locum
573 1730 622 1763 erse
633 1715 717 1764 diris:
734 1717 789 1765 inde
799 1717 969 1764 conterminum
981 1729 1030 1762 esse
1041 1716 1115 1762 lacem
1125 1711 1220 1775 Aquam

121 1792 148 1825 uc
158 1779 257 1839 denlqw
268 1780 346 1826 orbem
358 1779 458 1827 Telluris
469 1793 518 1827 esse
528 1780 651 1841 aqualiter
661 1780 687 1827 iu
700 1781 775 1828 meatu
784 1780 896 1842 positum,
906 1779 1027 1826 immotum
1036 1779 1084 1825 loco
1095 1777 1220 1838 ucfigura.

123 1841 186 1888 Hac
197 1843 285 1890 luminu
295 1843 397 1890 siderum
408 1857 501 1890 annexu
516 1843 593 1902 glotis
612 1844 674 1890 solvi
691 1844 816 1892 curriculis
832 1842 937 1890 assiduis
947 1850 971 1889 et
981 1855 1098 1902 nunquam
1108 1840 1221 1888 lassatis:

123 1904 148 1952 el
158 1905 193 1953 uit
203 1905 244 1952 tros
254 1919 305 1954 esse
316 1906 380 1953 Deos
399 1907 526 1955 animata.-
542 1911 650 1955 uaturum
667 1921 722 1954 vera
734 1908 862 1956 Gtotarum
877 1906 971 1953 illorum
988 1903 1115 1967 conflatam
1133 1917 1185 1954 esse
1197 1907 1221 1949 et

120 1968 228 2030 effectum
237 1984 268 2017 ex
277 1970 342 2029 igne.
376 1970 432 2032 Ipsa
442 1976 520 2018 autem
527 1985 616 2031 genera
626 1971 762 2019 animalium
770 1970 946 2019 distribuuntur
957 1969 1041 2017 intres
1051 1969 1154 2030 speeies:
1166 1981 1221 2028 quo

120 2047 174 2080 rum
184 2047 231 2081 uua
242 2039 278 2080 est
291 2048 323 2080 es
338 2034 452 2096 qualitate
468 2035 542 2094 iguis,
555 2035 683 2093 eujusmaab
693 2035 809 2084 cernimus
819 2049 868 2082 esse
880 2032 957 2081 Solem
972 2037 996 2080 et
1008 2029 1108 2087 Lunum,
1124 2046 1154 2078 ua
1169 2031 1223 2078 reli·

122 2110 180 2156 quus
190 2096 278 2145 Stellas
287 2102 419 2145 astrorum:
435 2099 534 2145 merum
548 2099 585 2144 uit
603 2111 651 2145 esse
669 2112 700 2146 ex
716 2103 803 2146 ustura
819 2097 908 2154 Aesim·
925 2098 984 2145 iure
1002 2097 1037 2142 uit
1053 2109 1102 2143 esse
1119 2095 1222 2156 speeiem

86 2208 88 2212 Α
123 2160 278 2207 Doenwuum:
296 2161 391 2207 tertiam
410 2161 510 2221 spectem
526 2160 652 2221 conflatam
667 2174 715 2209 esse
729 2175 760 2209 ex
771 2162 840 2222 Aquu
851 2166 874 2209 et
888 2161 971 2222 Terra,
988 2164 1012 2209 et
1026 2173 1103 2220 gersus
1123 2158 1222 2206 mortale

612 2295 653 2314 ne
657 2293 760 2316 ‘eveno

125 2386 188 2434 inde.
205 2383 298 2432 lat-r
315 2385 399 2446 Ignem
420 2389 498 2432 autem
515 2384 578 2431 ultis,
611 2383 665 2433 Ms.
680 2382 760 2443 muers
779 2389 834 2432 unte
853 2385 908 2432 ullu.
943 2383 1038 2446 Virgil.
1057 2383 1145 2433 AEmr.
1165 2388 1221 2432 347.

122 2451 200 2496 ‘aute
213 2447 275 2497 alios
288 2450 420 2497 inrmsnlor
432 2448 536 2496 omnes.'
551 2447 681 2509 Scioppius
692 2446 774 2508 Symb.
802 2451 866 2496 Ante
877 2449 925 2496 aliu
938 2448 993 2495 scil.
1003 2449 1149 2496 elemento:
1162 2463 1221 2496 nem

124 2521 152 2560 ut
162 2527 213 2574 proe
225 2512 289 2576 (rid.
302 2513 333 2560 ad
346 2513 414 2560 Flor.
425 2513 460 2560 N.
473 2515 514 2559 24.
530 2510 611 2572 extr.)
629 2512 665 2559 sic
676 2511 754 2558 etiam
766 2516 821 2560 unte
833 2526 890 2559 cum
903 2512 1080 2570 comparativo
1092 2511 1221 2574 juugitur.

124 2577 196 2625 Bene
209 2591 271 2638 ergo
282 2579 330 2625 lroc
343 2589 481 2638 reposuere
493 2575 559 2622 Elm.
575 2580 603 2622 et
621 2589 693 2639 seqq.
710 2588 767 2622 enm
787 2576 851 2622 Mss.
867 2575 941 2622 Fulv.
954 2574 1070 2623 Floreut.
1083 2575 1157 2624 Voss.
1191 2575 1222 2624 Iu

124 2640 198 2688 Harl.
210 2640 310 2688 Bened.
322 2645 400 2687 autem
410 2639 467 2686 ulia.
503 2638 568 2685 lidd.
580 2637 684 2700 retiquae
696 2643 775 2686 uutem
785 2639 848 2688 ultis.
866 2637 984 2686 omn-8
1002 2637 1100 2687 Bened.
1111 2639 1222 2700 uquilsm.

124 2705 200 2751 Voss.
212 2703 264 2762 boa,
276 2702 376 2751 Bened.
391 2703 433 2749 liae
450 2704 497 2749 ast.
508 2701 605 2749 stiones·
623 2701 712 2750 lin-s
729 2702 797 2761 Igne.
815 2702 888 2750 Harl.
899 2701 962 2762 igus'.
979 2703 1060 2750 Bene.
1094 2702 1162 2754 Vide
1182 2717 1223 2751 su-

124 2766 382 2828 praesumere
401 2767 459 2814 Deo
478 2765 548 2813 Socr.
566 2766 653 2813 Iri-l
674 2764 714 2813 Al.
730 2765 756 2812 in
775 2771 824 2814 tres
833 2766 928 2827 macies.
961 2765 1023 2815 vid.
1043 2767 1107 2815 Not.
1126 2766 1223 2815 Ver.-

123 2831 221 2890 Ἡιίρε.
232 2831 322 2892 quales.
355 2831 428 2878 Voss.
437 2844 464 2876 uc
475 2828 538 2876 Iucu
556 2827 675 2877 Outi-tt
695 2829 793 2878 Floridi
807 2830 855 2879 Ed.
867 2836 958 2878 contra
976 2829 1041 2878 Mss.
1060 2837 1088 2877 et
1100 2829 1168 2878 Edu.
1180 2844 1222 2878 ee·

124 2893 381 2943 terasaeru.1u.-4
400 2894 470 2941 Bene
481 2891 510 2939 sl
520 2892 592 2941 etium
601 2907 658 2941 cum
672 2895 736 2942 Mss.
748 2894 862 2943 Florent.
873 2895 947 2941 Voss.
959 2899 986 2941 et
994 2893 1094 2942 Bened.
1106 2895 1223 2955 reposuit

123 2958 241 3007 Elmenb.
260 2973 306 3021 pro
324 2971 383 3012 esse,
402 2957 471 3020 quod
489 2971 540 3004 non
561 2971 684 3005 revocare
703 2956 834 3006 debuerat
853 2957 989 3005 Floridus:
1007 2964 1035 3005 ut
1047 2956 1116 3004 idern
1128 2957 1222 3007 benes
1240 2960 1242 2965 ’

124 3021 232 3070 Thoan.v
243 3023 297 3070 vult
316 3023 417 3070 restitui
435 3023 574 3081 damonum,
589 3029 615 3069 et
630 3022 667 3070 sic
684 3021 793 3084 r·eliqui;
813 3036 859 3083 pro
870 3036 922 3084 qno
934 3021 1051 3068 Elmenh.
1061 3035 1093 3068 ex
1107 3022 1223 3072 Florent.

125 3086 237 3148 turpiter
256 3087 371 3147 reposuit
390 3087 526 3144 sanorem,
544 3086 606 3133 licet
623 3085 750 3133 accedant
763 3086 862 3133 Bened.
874 3093 902 3133 et
916 3084 991 3133 Voss.
1023 3085 1143 3148 Speciem
1156 3086 1224 3134 banc

30 3155 35 3159 ”
124 3164 174 3198 uon
185 3150 250 3198 dicit
261 3164 319 3198 esse
331 3151 457 3198 monem
467 3148 554 3208 Pluto,
565 3149 610 3195 sed
623 3162 681 3197 esse
693 3149 770 3197 etism
782 3151 923 3208 damonum,
933 3149 976 3211 qui
987 3148 1046 3196 buic
1055 3149 1112 3196 soil.
1125 3148 1223 3208 speciei

125 3213 255 3263 accenseri
265 3213 371 3274 debent,
381 3227 426 3262 seu
435 3213 465 3260 ils
475 3211 655 3273 animantibus,
663 3226 726 3276 quos
735 3227 766 3259 ex
776 3213 847 3260 airis
858 3227 915 3260 esse
926 3213 1051 3275 qualitate
1063 3213 1155 3260 ststuit
1165 3226 1224 3261 cum

125 3278 242 3327 Socrate.
276 3277 343 3327 Vide
362 3278 438 3325 latius
457 3276 490 3325 de
509 3276 569 3324 Deo
585 3276 658 3326 Socr.
676 3284 704 3327 et
720 3277 824 3327 Platon.
840 3277 866 3324 ln
883 3277 982 3326 'l'lmaeo
997 3291 1024 3338 p.
1043 3280 1115 3325 1⁰63.
1133 3277 1221 3324 [ἀμ-5

619 3411 642 3461 N
647 3411 726 3461 OTAE

155 3512 166 3545 '²
184 3509 289 3573 Spltoerls
299 3511 394 3576 qffixus]
411 3511 514 3558 Desunt
528 3508 584 3557 lraec
601 3508 650 3557 duo
693 3507 785 3572 ἔνυδρον
795 3506 862 3559 eibos·
874 3508 948 3571 πεζὸν
965 3508 990 3557 δὲ
1000 3507 1040 3558 real
1050 3511 1173 3573 χερσαῖον,
1187 3510 1224 3559 τέ-

125 3586 250 3634 uocabula
260 3588 287 3634 in
298 3585 349 3635 Me.
360 3586 474 3633 Thusno.
691 3600 785 3648 ταρτον·
820 3586 855 3634 Et
878 3584 1041 3635 chalcidius:
1059 3586 1150 3633 ‘Deus
1170 3576 1224 3635 ani·

157 3662 219 3709 eEt
240 3662 281 3709 bas
302 3662 414 3709 animales
429 3661 493 3709 Deos
512 3659 571 3707 uicit
591 3659 652 3720 esse]
692 3661 795 3710 mulium
817 3675 914 3723 genera
936 3660 1070 3708 constituit
1091 3669 1224 3723 quatuor:
1255 3649 1258 3655 ’

124 3737 196 3787 Quos
207 3735 286 3783 etium
297 3735 395 3784 idcirco
408 3735 433 3782 in
450 3734 598 3783 animalium
613 3735 651 3782 di·
692 3737 802 3799 primurn
814 3739 928 3797 caeleste,
944 3737 1047 3799 plenum
1059 3736 1223 3786 divinitatis:

126 3813 222 3861 risione
236 3812 357 3861 collocst.
692 3813 800 3862 alterum
818 3812 913 3860 deiude
933 3826 1034 3874 praepes
1061 3811 1223 3874 uerivagum:

155 3888 215 3939 dIu
235 3893 335 3952 quutuor
357 3887 429 3952 [tres]
449 3887 548 3950 spectes]
573 3887 651 3936 Plato
692 3890 796 3937 tertium
807 3902 882 3951 uquae
895 3887 1033 3951 liquoribus
1046 3887 1224 3937 accommoda·

125 3966 182 4013 Tim
193 3970 305 4029 png.40.
318 3971 430 4030 quatuor
442 3961 589 4012 constituit:
607 3960 652 4011 εἰσὶ
693 3967 762 4023 tum;
781 3972 911 4027 quartum,
928 3964 996 4029 quod
1014 3972 1119 4014 terrens
1136 3964 1224 4014 solidi·

126 4039 151 4089 δὲ
160 4039 280 4103 τεττάρες·
288 4039 331 4099 μία
339 4038 382 4101 μὲν
393 4038 498 4103 οὐράνιον
512 4042 570 4088 θεῶν
575 4037 652 4100 γένος·
694 4046 733 4089 tus
743 4038 902 4088 sustineret!

126 4115 190 4176 tuna
201 4114 227 4167 δὲ
244 4116 334 4176 πτηνὸν
349 4115 389 4166 sal
403 4114 537 4180 ἀεροπόρον·
548 4112 616 4178 τρίτη
627 4112 652 4162 δὲ
725 4120 736 4146 ⁰
752 4113 824 4163 Hanc
839 4116 911 4164 etiam
925 4114 1065 4171 Doemuuum
1084 4113 1156 4178 uicit]
1174 4114 1224 4165 Re·
