2694 4710
365 282 437 350 nra.
461 301 594 352 nerva
618 304 667 353 na
691 304 1003 357 personnarum
1144 293 1231 359 1035

132 437 302 523 Apollinis
338 439 492 524 figuratio
531 444 726 510 Perictione
759 465 798 511 se
832 449 1048 513 miscuisset.¹
1110 430 1240 512 Mense

132 543 247 618 etiam,
263 543 321 628 qni
335 545 427 626 apud
435 543 597 609 -Atticos‘
611 545 816 630 Thargelion
831 546 863 584 ²f
881 550 1019 626 dicitur,
1043 557 1230 615 natusest:

131 643 197 720 dia,
211 663 279 726 qua
298 646 391 727 apud
411 648 565 712 Delon³⁸
588 647 720 715 Latona
735 650 836 714 fertur
849 649 1042 733 Apollinem
1069 652 1230 719 Dianam.-

131 763 198 827 que
234 747 419 827 peperisse.
477 749 592 814 Pridie
631 750 791 816 Socraten
827 753 973 833 genitam
1011 750 1230 834 accepimns-¹3

130 911 282 966 simulacrum
291 918 410 981 Apollinis
418 934 468 968 rem
480 920 599 969 habuisset
608 935 661 970 cum
671 919 816 972 Perictione.
850 921 932 971 Natus
951 911 1074 970 etinm'est
1093 934 1171 968 mense
1188 919 1229 981 qui

129 979 261 1038 appellatur
273 982 415 1044 Tbmgelion
425 986 488 1046 apud
500 984 670 1033 Atbeniemes:
682 987 762 1032 eodem
771 987 811 1034 die
821 999 866 1048 qrto
878 986 970 1053 Lptona
986 985 1076 1034 dicim
1094 985 1165 1032 enixa
1180 996 1230 1031 esse

128 1040 262 1102 Apollinem
271 1053 296 1096 et
306 1047 412 1097 niman
422 1049 449 1096 in
459 1049 521 1098 Delo
531 1050 618 1098 laeam
653 1048 789 1098 Didicimus
799 1049 923 1100 Socratem
938 1056 1020 1099 actum
1029 1049 1109 1108 fuisse
1118 1050 1157 1097 die
1165 1061 1228 1110 pre·

611 1177 746 1198 mm
749 1179 779 1199 Ν

128 1259 244 1309 bonoad
264 1263 343 1328 Diog.
362 1265 451 1316 Lairt.
462 1279 506 1316 ιιι.
517 1271 543 1316 2.
560 1265 727 1317 sed-omnino
745 1266 882 1331 legendum
902 1268 1018 1330 quadam.
1035 1265 1061 1316 J.
1069 1262 1229 1312 Boneita·-

129 1329 141 1373 l
166 1325 300 1376 Perictione
310 1343 335 1376 ae
344 1329 485 1380 miscuisset.
501 1332 568 1395 Mes.
582 1332 650 1379 Flor.
662 1332 737 1380 Voss.
745 1332 823 1382 Harl.
835 1331 937 1381 Bened.
950 1328 1054 1379 etEdd.
1065 1330 1132 1376 Elm.
1146 1326 1229 1375 Scriv.

129 1386 273 1463 Panotioni.
290 1405 435 1455 perperam.
469 1394 501 1442 In
519 1395 679 1444 nominativo
700 1396 768 1445 enirn
788 1401 829 1444 est
848 1394 984 1458 Περικτιόνη
1002 1392 1144 1441 Perictione·
1175 1388 1229 1439 5²³

129 1452 217 1499 rnalrm
229 1454 367 1504 Perictione
379 1457 596 1508 cumcasaubon.
609 1458 641 1507 a‘d
654 1459 707 1508 Dio
727 1494 733 1509 .
751 1459 839 1508 Laiirt.
857 1461 909 1522 §A
927 1472 985 1508 cnm
1004 1456 1119 1506 ablativo
1138 1453 1229 1516 saepio·

128 1515 193 1590 sitne
203 1514 232 1563 rb
247 1518 376 1569 ‘miscere
387 1519 395 1543 '
405 1522 536 1584 jungitur.
566 1523 635 1572 vtae
647 1522 680 1572 ad
693 1475 737 1573 Ιίἱ.
749 1536 793 1572 rrr.
804 1524 872 1572 Met.
882 1537 907 1584 p.
915 1527 973 1572 219.
987 1522 995 1548 ‘
1006 1521 1141 1569 inmixtum
1154 1514 1229 1565 rore!

126 1579 215 1630 Mrnns
227 1580 293 1629 bene
305 1584 379 1632 Coie.
395 1585 471 1634 Vulc.
490 1587 560 1635 Flor.
580 1587 662 1635 tacite
682 1585 813 1636 dederant
831 1587 985 1636 Perictione.
1002 1584 1122 1634 oud-2
1141 1583 1228 1631 arare

129 1643 233 1704 Pargias
243 1646 344 1697 Bened.
373 1648 584 1710 TiargionVoss.
613 1651 754 1712 Tiargils‘an
766 1650 911 1704 Eddvett.
930 1645 1229 1713 veleammsebuperlo-

126 1707 262 1758 tacianum
272 1712 317 1758 τοῦ
325 1729 349 1769 η.
382 1712 464 1777 Pejus
474 1714 501 1762 in
512 1714 570 1764 aliis
583 1714 781 1777 TargsliowGr.
792 1713 938 1779 Θαῃηλιόν.
948 1715 988 1764 ld.
1016 1713 1078 1762 Vid·
1091 1712 1154 1761 Nol·
1165 1709 1227 1759 Vil-

622 1842 729 1894 NOTAE
774 1853 776 1856 ’

125 1947 193 1995 erse,
204 1932 351 1985 Aristonem
363 1937 533 2000 Perictionae,
544 1952 602 1988 cnm
614 1951 655 1987 es·
695 1943 746 1988 tum
766 1939 904 2004 necopinus.
948 1938 1027 1988 Plato
1043 1942 1120 1986 natus
1143 1935 1229 1999 pridie

125 2017 168 2058 set
186 2011 381 2076 speciosissima,
399 2017 452 2063 vim
469 2013 565 2064 inferre
577 2029 655 2064 cona·
695 2014 753 2076 ejus
764 2014 827 2075 diei,
838 2029 890 2079 qno
899 2016 1002 2063 Latona
1012 2011 1160 2076 Apollinem
1168 2011 1228 2061 Dia·

125 2092 181 2135 tarn
193 2100 267 2136 esset
280 2101 368 2136 rernm
380 2085 460 2137 fuisse
468 2088 537 2137 illius
546 2095 655 2138 conatus
695 2104 806 2154 namque
822 2090 934 2154 peperit.
967 2086 1087 2137 Delends
1097 2087 1165 2136 enim
1176 2102 1227 2136 vox

122 2160 220 2223 irritos,
230 2161 378 2226 vidisseque
397 2163 424 2211 in
441 2163 537 2212 somnis
555 2161 656 2227 Apolli·
696 2166 830 2227 Socratem,
846 2179 906 2230 qam
922 2178 955 2212 ex
967 2162 1135 2228 sequentibus
1145 2162 1227 2226 irrep·
1278 2199 1281 2203 .

123 2249 193 2298 nean,
203 2243 281 2300 atque
294 2251 328 2284 ex
343 2237 387 2285 illo
404 2238 525 2286 mundam
542 2251 557 2285 a
571 2237 655 2301 jogali
697 2241 751 2292 sit!
776 2242 829 2291 Sed
839 2240 939 2290 fallitur
949 2239 1102 2288 Wovrerius.
1123 2237 1229 2298 Revera

122 2311 227 2373 copula,
241 2311 325 2375 quoad
343 2319 459 2375 pareret,
476 2325 583 2362 uxoren
599 2326 655 2361 ser·
696 2317 765 2367 enlm
784 2318 919 2367 Socratem
942 2315 1027 2380 pridie
1048 2319 1136 2364 natam
1158 2313 1227 2363 illins

123 2399 208 2446 rasse,
219 2401 277 2449 qnae
289 2388 428 2437 Platonem
445 2389 559 2452 peperit.
696 2391 760 2454 diei,
779 2406 830 2457 qno
850 2397 926 2440 natus
946 2397 986 2439 est
999 2390 1086 2450 Plato,
1108 2387 1227 2437 hairtins

155 2457 267 2511 emma
278 2464 359 2526 eliam,
371 2463 412 2525 qui
423 2463 656 2528 munificentia]
695 2466 793 2518 refert:
812 2468 879 2516 hunc
901 2479 996 2528 nempe
1015 2464 1137 2527 septima,
1154 2464 1226 2511 illam

121 2535 198 2586 Idem
210 2536 289 2586 habet
301 2538 388 2588 Lairt.
400 2551 476 2603 quem
488 2538 557 2589 vide.
696 2547 773 2591 sexta
783 2537 1174 2602 dieThargelionis.Wowerinm
1184 2536 1227 2584 de·

157 2609 328 2674 ‘filiargeliou]
341 2614 441 2662 Mensis
450 2614 491 2662 hic
503 2613 587 2678 Aprili
596 2629 655 2664 nos·
695 2617 776 2680 cepit,
785 2605 855 2681 quod
864 2608 1227 2674 idem'Ladrtinslrsbetfflia·

121 2693 165 2736 tro
176 2683 259 2736 ferme
269 2689 423 2751 respondet,
436 2688 554 2753 Apollini
572 2705 655 2752 sacer,
695 2705 754 2741 nam
774 2698 861 2740 natam
881 2704 950 2752 esse,
968 2703 1019 2754 quo
1039 2688 1082 2737 die
1106 2688 1227 2736 Socrates

122 2761 197 2826 cujus
206 2763 299 2811 bonam
308 2772 408 2827 partem
417 2765 542 2815 conviviis
551 2772 578 2815 et
586 2781 655 2816 conr·
695 2773 772 2816 natus
784 2774 833 2830 est,
844 2772 872 2815 et
882 2765 1039 2829 Apollinem,
1050 2779 1102 2828 qno
1111 2763 1154 2812 die
1165 2763 1226 2812 Pla·

120 2837 300 2900 potationibus
310 2839 654 2906 insumeresolebantsqnin
697 2849 733 2891 to.
765 2841 879 2891 Videtur
902 2841 970 2889 enim
990 2838 1111 2889 Lairtius
1135 2844 1227 2887 contra

122 2918 151 2960 et
169 2912 286 2961 Platonis
304 2921 449 2964 sectatores
465 2916 523 2979 ejus
540 2918 652 2968 natalem
697 2917 831 2979 vulgarem
853 2917 1000 2979 opinionem
1022 2915 1141 2976 innuere,
1163 2914 1226 2962 Dia·

121 2989 261 3052 quotannis
273 3004 304 3038 eo
321 3005 409 3040 mense
427 2991 608 3052 celebrabant,
623 2999 654 3040 ut
694 3007 753 3042 nam
766 3000 794 3041 et
806 2992 954 3056 Apollinem
966 3005 1016 3043 non
1026 2991 1118 3040 eodem
1128 2991 1172 3039 die
1180 3005 1226 3039 na·

121 3070 198 3129 patet
217 3078 249 3114 ex
266 3066 424 3133 Porphyrio‚
442 3069 468 3118 ln
481 3069 534 3118 vita
545 3069 656 3130 Plotini,
695 3075 746 3130 tos,
764 3068 811 3117 sed
833 3067 947 3116 Dianam
969 3074 1055 3129 sexto,
1078 3065 1225 3134 Apollinem

120 3141 166 3189 ubl
177 3141 242 3191 dicit
253 3155 281 3209 se
292 3158 395 3192 carmen
408 3146 533 3195 recitasse
550 3143 652 3192 lanta·
693 3157 756 3192 vero
773 3142 884 3206 septimo
900 3141 1095 3204 Thasgelionls:
1113 3140 1182 3206 quod
1199 3147 1228 3191 et

121 3214 222 3278 nomos,
232 3217 280 3266 boc
292 3225 343 3280 est,
358 3218 450 3269 ‘festis
461 3220 600 3271 Platonis.'
694 3227 775 3268 rectae
787 3218 881 3267 rationi
896 3232 948 3267 non
967 3217 1135 3266 adversatur:
1153 3231 1226 3281 saepe

153 3300 166 3335 ⁸
183 3293 255 3353 Apud
274 3293 366 3356 Delon]
385 3295 476 3345 lnsnla
494 3304 535 3347 est
551 3312 603 3346 nna
620 3311 654 3346 ex
694 3296 764 3344 enirn
779 3295 809 3344 fit
821 3301 850 3343 nt
860 3295 1027 3358 gemellorum
1035 3295 1101 3342 alter
1113 3308 1163 3342 uno
1174 3291 1230 3354 die,

124 3368 294 3430 Cycladibus.
657 3382 662 3401 *-
695 3370 761 3419 alter
771 3370 901 3432 sequenti,
912 3378 957 3418 aut
968 3369 1047 3417 etiam
1059 3367 1159 3416 tardius
1167 3383 1225 3417 aas·

126 3458 129 3463 ’
157 3442 653 3512 llPridieSocr'ctengrenitumaccepimus]
694 3454 779 3494 catur.
808 3445 902 3508 Porro,
917 3444 939 3493 si
952 3445 1063 3506 cuipiam
1075 3443 1182 3492 dubium
1191 3445 1225 3493 sit

122 3519 247 3569 Bastirins
255 3521 359 3584 reponit
363 3522 420 3584 pari
426 3522 472 3578 die,
482 3523 559 3572 male.
577 3523 653 3573 Glos-
694 3521 763 3584 quod
783 3517 873 3583 aliero,
884 3520 962 3568 adeat
974 3517 1075 3567 Ladrtii
1084 3519 1150 3581 loca,
1161 3520 1225 3568 alte·

120 3609 193 3648 senta
201 3595 250 3643 lroc
261 3608 320 3643 ease
329 3596 432 3646 videtur
442 3598 585 3660 scaligero,
594 3599 653 3663 per·
693 3610 749 3644 rum
762 3595 914 3644 desacrata
926 3594 952 3642 in
964 3594 1019 3644 vita
1031 3593 1097 3658 ejus,
1114 3601 1141 3642 et
1157 3595 1224 3645 alte·

119 3685 219 3736 peram.
231 3671 384 3733 Wowerins,
393 3686 469 3736 qoem
481 3675 597 3738 seqnitur
609 3675 652 3723 El·
694 3684 749 3719 ram
761 3669 794 3719 de
805 3671 918 3719 Platone
930 3670 956 3718 in
968 3670 1025 3733 ejus
1036 3670 1098 3718 vita.
1126 3669 1224 3720 Noster

119 3747 263 3795 menlrorst.
276 3744 308 3793 ad
320 3747 389 3795 hane
401 3747 495 3810 locum,
505 3750 543 3798 sic
554 3749 650 3800 babet:
692 3760 708 3795 a
720 3745 825 3795 laertio
836 3746 863 3794 in
874 3761 906 3795 eo
922 3753 1022 3796 tanturn
1039 3745 1137 3809 differt,
1154 3748 1222 3812 qnod

119 3820 177 3869 ‘At
187 3820 321 3886 Diogenes
334 3822 452 3872 Lairtius
464 3824 597 3874 Socratem
609 3840 652 3874 eo·
693 3821 840 3884 Apollinem
861 3829 890 3871 et
915 3823 1036 3885 Dianam,
1062 3839 1223 3874 communem

122 3898 182 3946 dern
202 3897 245 3946 die
266 3904 355 3947 natum
373 3900 463 3962 tradit,
482 3917 533 3966 qno
553 3904 652 3952 Latona
690 3898 838 3959 opinionem
856 3905 971 3959 secutus,
989 3899 1221 3951 eodem‘dienatos

120 3971 269 4037 Apollinem
287 3975 400 4038 peperit.
433 3975 578 4025 Manifesta
599 3976 651 4025 dis·
691 3980 777 4036 potet,
793 3973 905 4035 septimo
923 3986 1017 4034 nempe
1034 3973 1220 4037 Thargelionis,

120 4048 223 4097 sensio:
255 4063 330 4112 quam
353 4063 403 4099 non
426 4049 500 4100 video
523 4052 651 4115 quomodo
691 4064 742 4113 quo
759 4048 802 4096 die
818 4047 895 4096 Plato
906 4057 983 4096 natas
995 4056 1053 4098 est:
1070 4064 1128 4098 cum
1141 4051 1220 4100 Lair·

123 4136 275 4188 componas,
300 4125 348 4173 nisi
367 4125 463 4176 scribas
483 4128 561 4190 pridie
581 4130 650 4189 geni·
692 4124 744 4174 tias
768 4122 880 4172 Dianam
905 4123 988 4186 pridie
1012 4127 1219 4188 commendem
