2694 4710
314 330 385 378 ure.
410 328 434 378 r.
458 332 543 381 sive
568 335 616 382 nn
642 335 787 384 eureos.
811 335 957 386 aaron.
1098 322 1184 388 taor

81 474 173 539 rato:
196 477 230 537 et
252 472 344 556 quod
370 471 442 536 tato
466 473 672 552 terminatur,
695 476 910 558 providentio
924 477 1025 542 debet
1041 494 1183 562 snscep-

82 582 157 639 tum
171 574 286 640 videri.
329 573 420 658 [585]
436 573 479 638 Et
501 576 641 656 primam
664 576 821 659 quidem⁵
847 578 1092 660 providentiam
1107 598 1183 645 esse

84 676 207 746 summi
223 674 628 758 exsuperantissimique⁶
645 678 794 741 Deorum
811 680 969 755 omnium,
979 681 1038 763 qui
1050 688 1116 743 n'on
1131 699 1186 744 sob

83 777 156 840 lum
167 777 261 841 Deos
276 777 451 841 coelicolas
461 784 482 811 ¹¹¹
498 777 675 857 ordinavit,
699 797 788 867 quos
811 780 855 844 ad
872 768 1014 846 tutelam
1030 786 1065 844 et
1078 780 1185 844 decas

84 879 145 959 per
170 879 282 942 omnia
307 877 421 942 mundi
447 881 594 945 membra
617 882 824 964 dispersit3⁷
847 881 907 946 sed
934 890 1055 951 natum
1083 882 1186 946 etiam

82 979 241 1045 mortales
257 979 400 1057 DeoS,⁸¹¹
413 982 472 1063 qai
486 990 689 1064 praestarent
702 983 896 1065 sapientia⁹
910 984 1032 1047 ceteris
1045 983 1185 1047 terrenis

82 1079 318 1156 animantibus,
332 1079 377 1145 ad
391 1082 564 1146 aevitatem
586 1084 747 1167 temporis
771 1083 898 1168 edidit:
913 1090 946 1122 ¹⁰
969 1081 1185 1168 fundatisque

81 1181 215 1264 legibus
231 1183 431 1264 reliquarum
446 1183 701 1267 dispositionem
717 1204 758 1249 ac
773 1185 914 1248 tutelam
927 1191 941 1220 ²
963 1203 1083 1261 rerum,
1099 1203 1185 1266 quas

83 1282 234 1363 quotidie
247 1281 318 1346 fieri
334 1302 470 1347 necesse
485 1290 548 1360 est,
566 1285 644 1350 Diis
660 1285 777 1349 ceteris
801 1284 950 1348 tradidit.
995 1282 1094 1349 Unde
1111 1303 1186 1348 sas-

83 1387 214 1464 ceptam
230 1382 474 1464 providentiam
491 1384 550 1449 Dii
565 1384 723 1450 secundae
737 1382 958 1467 providentiae
973 1381 1023 1446 ite
1038 1383 1187 1464 gnaviter

28 1513 33 1519 ,
82 1482 250 1559 retinent‚³
265 1490 303 1548 ut
318 1485 431 1548 omnia
444 1486 555 1564 etiem,
570 1505 648 1571 qaae
663 1486 798 1552 coelitus
813 1484 1010 1548 mortalibus
1022 1484 1185 1548 exhiben-

83 1655 156 1715 Fato,
167 1657 350 1707 existimandum
363 1673 453 1722 quoque
469 1664 506 1708 est
519 1646 700 1708 Providentiam
715 1659 775 1723 illrtd
790 1674 841 1709 esse
856 1675 1003 1722 aggressam.
1036 1659 1074 1708 Ar
1083 1659 1186 1720 primurn

82 1720 176 1790 quidem
187 1721 368 1772 Pmridentiurn
377 1723 497 1784 pertinere
506 1725 537 1771 ad
546 1737 678 1786 supremum
688 1728 713 1772 et
722 1725 946 1784 prestantissimum
956 1723 1058 1772 omnium
1067 1724 1172 1771 Deorum
1176 1737 1188 1779 ,·

82 1784 124 1845 qni
140 1799 186 1832 non
198 1788 265 1834 modo
276 1787 390 1848 disposuit
401 1787 466 1834 Deos
478 1788 597 1849 Celestes,
610 1801 667 1849 quos
682 1787 796 1848 dispersit
811 1803 854 1850 per
863 1793 960 1836 cunetas
973 1792 1053 1849 partes
1067 1786 1138 1843 orbis,
1152 1787 1184 1833 ad

83 1846 134 1906 dns
152 1849 349 1897 conseruationem
361 1855 385 1897 et
395 1855 555 1897 ornamentum
563 1865 573 1907 ,·
590 1865 670 1898 vnum
686 1851 800 1912 produxit
808 1865 896 1913 quoque
906 1852 971 1900 Deos
981 1852 1091 1898 mortales
1100 1855 1188 1897 notum

59 1962 62 1969 ,
81 1924 136 1970 sua,
147 1911 187 1974 qni
200 1918 337 1974 superarent
352 1913 479 1974 prudentia
494 1914 585 1975 reliqua
600 1914 713 1961 nninurliu
731 1916 865 1974 terrestria,
878 1914 962 1976 quique
981 1913 1092 1961 duraturi
1108 1918 1187 1961 essent

81 1976 196 2084 {pandis
206 1981 297 2037 tempus
306 1978 419 2033 duraret;
435 1977 458 2025 et
469 1977 583 2025 stabilitis
593 1978 695 2024 decretis
707 1977 765 2034 suis,
780 1978 890 2039 permisit
906 1978 1004 2039 reliquie
1016 1976 1075 2024 Diis
1090 1975 1185 2024 ordina·

95 2051 102 2084 r

104 2052 170 2086 onem
181 2044 204 2086 et
218 2040 415 2089 conservationem
425 2045 566 2101 ceterorum,
578 2054 630 2102 quie
641 2045 732 2101 oportet
747 2041 840 2089 eaerrire
850 2041 952 2101 singulis
963 2039 1052 2088 diebu.
1087 2040 1186 2101 Ideoque

84 2098 132 2150 Dii
141 2101 186 2159 ou,
197 2103 280 2164 quibus
291 2105 381 2152 tradito
391 2109 428 2153 est
437 2106 538 2152 secunda
550 2103 713 2163 Prouidentia,
725 2110 775 2152 tam
783 2104 893 2168 firmiter
903 2108 984 2152 tenent
994 2103 1184 2160 Prouidentiam,

84 2179 138 2226 quoe
147 2166 206 2229 ipsis
214 2168 305 2215 traditu
312 2172 362 2226 est;
373 2172 399 2216 ut
408 2168 579 2222 continetiam,
587 2182 640 2229 pure
651 2182 683 2216 ex
692 2169 746 2215 caelo
756 2169 911 2221 ostenduntur
919 2168 1059 2224 bominibus,
1066 2167 1185 2218 retineant

545 2307 603 2329 eon
607 2308 727 2329 onnon

83 2412 131 2454 --6
150 2405 218 2456 Edd.
229 2406 296 2457 Elm.
308 2406 391 2457 Seria.
400 2407 509 2469 ρήηιυηι.
543 2407 566 2456 A
579 2406 679 2457 Bened.
689 2413 717 2456 et
735 2406 784 2456 Ed.
800 2407 869 2454 Flnr.
887 2405 963 2454 abest
978 2405 1080 2468 quidm.
1095 2405 1186 2456 Id.·-6

84 2470 211 2521 Quaedam
223 2470 284 2519 edd.
303 2471 594 2534 exuperatisairnipue.—·t
611 2473 725 2520 Floreat.
742 2471 808 2519 Edrl.
829 2471 894 2519 Elin.
910 2469 995 2518 Seria.
1013 2470 1080 2517 Flor.
1090 2470 1188 2532 sparsit.

84 2532 204 2582 Praet'ero
213 2534 279 2582 Mes.
294 2535 449 2597 reliquorum
462 2535 609 2584 lectionem.
628 2536 741 2583 ond-B
758 2533 836 2582 Hand
849 2534 915 2580 male
927 2532 995 2580 idern
1008 2533 1050 2580 ille
1062 2532 1108 2581 lib.
1124 2548 1187 2581 rnor-

85 2598 155 2646 taleis
164 2613 211 2647 eos.
231 2598 380 2646 Worrerins.
405 2598 482 2646 Voss.
494 2597 570 2648 Harl.
581 2599 681 2647 Bened.
692 2610 795 2662 qnoque
805 2611 859 2645 eos:
877 2595 921 2644 sed
936 2597 1012 2657 nrale,
1023 2603 1051 2646 et
1063 2597 1086 2644 irl
1098 2598 1186 2659 potius

27 2710 33 2722 ,
85 2661 218 2709 mansellis
238 2660 429 2722 ascribendum,
448 2663 491 2724 qul
513 2676 563 2710 non
582 2661 722 2724 capiebant
737 2662 802 2709 Deos
818 2661 944 2709 mortales:
960 2660 1005 2708 sed
1019 2659 1117 2710 Auctor
1128 2673 1187 2709 enm

84 2724 198 2773 Platone
211 2739 255 2773 eos
273 2724 395 2773 discernit
408 2740 422 2773 a
434 2725 576 2774 Coelicolis.
609 2726 678 2773 Vide
695 2728 720 2774 in
735 2725 957 2786 Ttmaeop.1ooa.
978 2725 1092 2774 Oud-b
1110 2722 1196 2787 Harl..

81 2789 336 2912 {ididia}
351 2787 1187 2904 durtiidesitudini·reinitiabitur
1212 2834 1224 2842 ’

85 2916 156 2979 Lege
175 2931 209 2963 ex
232 2926 284 2966 ret.
304 2869 362 2966 cod.
383 2869 560 2978 dispositidnem
579 2932 608 2966 ae
629 2919 737 2968 tutelam.
753 2866 905 2965 unser-idi
940 2915 1032 2976 Recte,
1048 2923 1126 2978 atque
1149 2916 1187 2964 ita

86 2981 199 3028 Floreut.
212 2981 287 3028 Voss.
299 2996 356 3029 curn
369 2982 442 3029 Fata.
454 2989 481 3029 et
493 2981 560 3030 Edd.
570 2983 653 3032 Wow.
665 2982 731 3031 Elin.
743 2983 792 3029 dec.
815 2980 891 3029 Harl.
901 2979 1000 3028 Beued.
1011 2980 1187 3041 dispositionum

85 3046 154 3092 tutet.
168 3052 197 3092 nt
208 3053 343 3093 construas
360 3046 466 3093 tutelam
480 3043 676 3107 dispositionum
688 3060 719 3094 ac
733 3059 828 3093 rernm.
863 3043 932 3092 Olim
945 3044 1020 3105 vrrlgo
1038 3045 1094 3092 sine
1111 3056 1187 3091 senen

84 3108 262 3170 dispositionum
272 3110 303 3156 ed
312 3115 361 3157 tut.
379 3109 499 3156 0nd.-3
519 3110 635 3158 Graviter
645 3110 758 3159 retinent.
783 3108 862 3156 Forte
874 3105 1021 3169 legendum,
1029 3108 1186 3168 grrariterre·

84 3173 179 3229 tinent,·
196 3180 224 3220 et
235 3173 272 3219 sic
282 3173 359 3220 etiarn
373 3174 521 3234 conjecerat
531 3173 648 3222 eraditus
661 3174 810 3222 adolescens
821 3171 847 3220 J.
860 3172 951 3220 Donsa
961 3172 989 3220 F.
1002 3173 1069 3219 Colo.
1095 3172 1185 3219 Bene:

85 3249 135 3284 nec
152 3236 229 3284 aliter
245 3236 309 3286 Mes.
329 3237 363 3285 Ο.
383 3236 432 3284 nisi
449 3237 516 3300 qnod
528 3238 605 3286 Voss.
621 3238 725 3298 naviter,
742 3244 772 3285 ut
788 3236 831 3284 alii
848 3236 947 3284 malunt
959 3235 1081 3284 scribere.
1116 3234 1186 3283 Ante

579 3376 686 3426 NOTAE

86 3499 91 3505 -
117 3477 137 3503 ¹²¹
156 3469 218 3518 Deos
237 3468 361 3531 colunias]
390 3469 484 3532 Solem,
506 3471 615 3535 Lanam,
656 3466 684 3521 to
712 3470 860 3532 inJPimaeo
885 3471 972 3518 Deam
998 3462 1100 3516 inducit
1127 3466 1186 3516 illos

70 3551 226 3609 ceteraque
247 3544 338 3607 Astra,
353 3560 411 3608 quae
430 3545 457 3594 in
476 3547 541 3596 coeio
560 3561 616 3597 cer·
656 3548 729 3596 Deos
745 3548 782 3596 sic
799 3547 986 3609 alloquentem:
1004 3542 1091 3595 ‘Quis
1111 3556 1186 3605 geue·

86 3628 192 3670 arintnr.
656 3623 708 3671 rati
727 3622 799 3682 estis,
818 3621 974 3669 imnrortales
988 3619 1093 3684 quidem
1110 3628 1137 3668 et
1148 3619 1186 3668 ln·

73 3726 75 3730 »
118 3703 131 3730 ¹¹
148 3695 197 3745 Sed
215 3701 302 3744 natura
318 3696 391 3745 mam
411 3698 521 3746 mortales
539 3698 616 3762 Deos]
657 3696 818 3746 dissolubiles
842 3696 944 3744 omnino
966 3709 1017 3744 non
1040 3696 1119 3744 ostis:
1136 3708 1187 3744 nec

87 3770 160 3821 Alios
173 3771 205 3819 ab
217 3772 267 3820 illis
278 3771 418 3832 Coelicolis,
427 3784 521 3835 nempe
532 3772 617 3822 Oeen·
657 3777 743 3820 tamen
752 3769 1053 3835 unqusrudissolvenrini,
1063 3784 1112 3818 nec
1121 3784 1187 3818 mor-

86 3861 159 3905 aum,
178 3847 289 3911 Tethyn,
317 3847 449 3910 Phorcys,
472 3848 618 3908 Saturnum,
658 3847 692 3896 tis
715 3846 807 3895 Fatum
829 3845 965 3894 subibitis:
988 3859 1046 3893 nani
1069 3845 1186 3893 voluntas

86 3921 197 3981 Rbeern,
213 3930 241 3969 et
258 3922 331 3982 alios,
348 3936 411 3986 qnos
431 3937 519 3971 omnes
540 3923 617 3970 Plato
657 3935 715 3969 inea
726 3921 808 3982 majas
827 3921 1045 3982 praestantiusque
1063 3919 1135 3968 vobis
1147 3929 1189 3969 est

88 3997 126 4044 ait
138 4005 244 4045 eatenus
264 3996 339 4045 nobis
354 3999 617 4062 conspicuos,quete·
658 3996 787 4044 vinculum
810 3994 840 4043 ad
861 3994 920 4041 ritae
942 3994 1095 4055 custodiam,
1113 4007 1188 4059 quarn

88 4086 136 4119 nus
148 4072 199 4132 ipsi
209 4073 305 4121 valant.
658 4083 740 4119 uenas
765 4069 813 4130 illi,
839 4068 931 4131 artibus
956 4067 1041 4118 fuistis
1072 4069 1188 4132 colligati

122 4155 134 4179 ⁰
150 4149 191 4196 Ad
202 4148 321 4198 ceritatem
329 4147 440 4210 temperis
451 4148 537 4212 edidit]
555 4149 617 4199 Pla·
662 4155 735 4208 tonc,
747 4159 804 4194 cum
814 4143 1007 4208 gignebamini?
