2694 4710
292 349 518 398 ernustus
544 348 592 395 nn
617 345 763 395 eureos.
787 348 932 397 unnuu.
1075 330 1161 397 1061

54 498 130 578 ligi.
176 495 266 559 Solis
282 494 429 577 quippe⁵
438 500 448 527 ¹
472 497 504 557 ei
519 491 625 555 Lunae
649 489 783 571 globum
799 489 865 554 hoc
881 490 1004 572 agere,⁶
1020 497 1162 556 ceteras·

61 619 130 683 que
145 598 269 672 stellas,
286 615 371 679 quas
393 614 454 659 nos
478 601 568 656 nou⁷
590 599 680 656 recte
696 591 862 657 Erroneas
878 591 933 656 et⁸
949 591 1064 675 Vagus
1079 593 1163 657 dici·

57 719 157 790 mus:
167 699 177 733 ²
189 702 310 765 nostrae
325 697 437 760 enim⁹
458 713 561 776 super
574 712 684 759 earum
700 692 878 756 cursibns¹
895 693 1070 775 opiniones
1091 694 1163 759 dis-

60 804 322 883 putationesque
344 801 485 880 possunt
498 813 638 860 errorem
653 793 844 858 intellectus
860 795 1029 859 incidere.²
1040 803 1055 829 ¹¹
1098 793 1163 859 Go-

57 907 168 969 terum
190 899 247 962 ille
270 917 375 961 rernm
403 896 574 961 ordinator
599 895 649 958 ita
668 897 880 959 reversiones
907 915 1033 973 earum,
1057 905 1161 976 ortus,

59 1003 190 1076 obitus,
219 1008 385 1075 recessus,
415 1016 539 1073 mores,
563 1014 826 1078 progressusque
851 997 1034 1075 coustituit,
1059 1003 1162 1062 utne

57 1103 198 1166 modico
214 1099 352 1182 quidem
367 1098 468 1162 errori
489 1099 586 1163 locus
601 1104 703 1161 esset.
749 1097 833 1160 Dies
848 1098 976 1179 quippe
992 1087 1068 1161 cunr
1082 1119 1163 1163 noc-

57 1204 151 1266 tibus
165 1201 329 1266 mensium
345 1199 458 1281 spatia
482 1198 661 1282 complere,
685 1216 815 1260 menses
838 1197 987 1261 vicissim
1002 1216 1163 1262 annorum

58 1305 161 1368 orbes
175 1302 343 1365 involvere
355 1308 385 1362 :³
408 1320 470 1364 nec
486 1301 617 1382 prius,4
639 1318 741 1380 quum
764 1299 861 1380 signu
884 1298 959 1361 hoec
975 1299 1009 1360 in
1025 1299 1101 1363 luce
1118 1301 1164 1363 si·

60 1406 183 1468 dereu⁵
199 1402 313 1466 ardere
328 1404 514 1482 coeperunt,
524 1400 599 1463 iniri
615 1400 768 1482 potuisse
780 1405 965 1481 temporum
981 1399 1164 1466 numeros.⁶

59 1607 462 1667 tmudnmrnejusderntemporis:
479 1603 505 1652 id
514 1605 576 1652 enirn
586 1609 700 1664 proestme
710 1604 788 1652 orbern
807 1605 870 1653 Solis
887 1609 910 1652 et
927 1604 1012 1663 Luna,
1028 1618 1056 1650 uc
1072 1601 1164 1661 reliquo

59 1673 138 1727 adra,
155 1684 207 1732 que
217 1685 258 1718 nus
265 1684 388 1731 perperam
396 1683 504 1718 vocamus
516 1668 633 1716 limantio
646 1672 670 1715 et
685 1667 768 1727 Vaga.-
784 1683 839 1716 num
849 1674 936 1717 nostre
946 1667 1070 1718 sententies
1080 1670 1104 1713 et
1114 1665 1164 1711 dis·

59 1732 205 1796 ceptutienes
219 1734 360 1782 deductibus
371 1747 449 1781 eorum
459 1736 555 1792 possunt
566 1731 684 1792 impellere
692 1733 797 1780 animum
806 1734 832 1780 in
843 1746 953 1780 errorem.
980 1732 1057 1778 Porro
1068 1730 1107 1777 ille
1117 1727 1166 1775 dis·

57 1795 151 1857 positor
160 1810 239 1845 rerum
246 1797 283 1845 sie
293 1797 408 1857 disposuit
417 1809 527 1843 recursus
536 1799 704 1853 commestus,
715 1810 819 1855 occasus,
826 1795 1032 1855 retrogressiones,
1040 1793 1165 1850 stationes,

59 1863 85 1906 et
93 1861 280 1922 progressiones,
295 1865 322 1908 ut
332 1874 362 1908 ne
376 1861 446 1920 parui
456 1858 549 1920 quidem
562 1857 651 1906 erroris
667 1872 727 1905 unsu
741 1859 825 1908 relicta
839 1865 916 1906 esset:
932 1873 987 1907 num
999 1858 1050 1905 dies
1059 1855 1130 1904 simrd
1140 1860 1165 1902 et

60 1929 141 1971 nostes
155 1924 267 1988 perficere
282 1924 409 1972 interuallo
426 1922 549 1981 mensium,
563 1934 652 1968 menses
663 1923 715 1969 uice
725 1936 793 1970 uersu
803 1924 916 1983 complere
925 1921 1024 1969 eir-culos
1033 1933 1162 1968 anserum:

60 1990 85 2034 et
97 1992 200 2048 tempere
211 2001 257 2036 non
267 1987 372 2050 potuisse
382 1987 521 2048 computari,
538 1989 663 2046 antequam
674 1984 724 2032 baec
735 1990 800 2033 astro
810 1985 950 2049 incepissent
960 1985 1057 2044 fulgere
1075 1982 1161 2031 lumine

517 2143 700 2163 ‘mm

60 2273 196 2308 vocassem
208 2259 273 2308 bane
287 2274 384 2308 vocem.
397 2257 431 2306 cf.
446 2260 521 2308 etiarn
534 2258 611 2307 iufra.
631 2260 745 2308 0ud.-5
766 2260 863 2310 Bened.
883 2266 970 2310 cutem.
987 2260 1076 2309 ld.-o
1094 2261 1161 2310 Edd.

63 2322 248 2373 anteVulcun.
260 2324 343 2382 fucere
362 2331 453 2371 contra
472 2324 536 2371 Mss.
556 2323 644 2370 [ιι-7
663 2323 715 2371 Nos
734 2339 789 2371 non.
815 2325 886 2372 Male
909 2325 948 2371 11ae
970 2338 1054 2384 voces,
1076 2325 1164 2374 inuitis

64 2385 150 2437 Codd.
162 2386 304 2436 exulabant
316 2388 348 2434 ub
362 2387 446 2436 Editis
458 2395 518 2434 unte
530 2386 638 2435 Vulcun.
651 2386 685 2433 de
698 2388 754 2435 Deo
767 2388 841 2436 Socr.
853 2387 906 2435 uit:
920 2390 993 2450 ‘quse
1005 2387 1081 2448 vulgo
1092 2403 1165 2450 vagus

63 2457 247 2512 nuncupantur
264 2451 297 2499 sb
317 2449 463 2512 imperitis,’
480 2451 596 2513 adeoque
608 2463 660 2498 non
671 2456 741 2500 recte.
775 2452 854 2498 Plato
867 2457 966 2499 tantum
985 2448 1085 2508 trienne
1101 2451 1164 2500 nnti-

61 2570 133 2611 νητες
143 2552 241 2612 ἔχοντα.
259 2554 348 2603 Id.-8
365 2553 397 2601 R.
409 2567 504 2602 errones
515 2558 548 2600 et.
561 2553 674 2615 Lipsius.
702 2552 784 2601 Abest
794 2558 817 2602 et
830 2569 845 2603 s
856 2555 931 2602 Voss.
943 2553 968 2600 iu
981 2568 1032 2617 quo
1043 2529 1164 2604 uidimus:

66 2631 114 2680 pro
129 2616 238 2666 dicimus.
256 2617 347 2666 ld.—-s
364 2617 462 2665 Nostroe
481 2619 551 2671 enirn,
569 2619 609 2678 qe.
633 2617 756 2665 Fortasse
774 2624 829 2665 tota
848 2617 904 2665 huuc
925 2617 1047 2679 periodus
1064 2633 1079 2665 a
1098 2620 1165 2667 mule

62 2695 142 2729 moun
153 2688 202 2730 est.
233 2681 341 2729 Scilicet
354 2680 446 2743 aliquis
464 2681 489 2727 in
509 2694 613 2729 causam
632 2680 767 2743 inquisivit
782 2679 923 2743 Apuleiani
940 2679 1011 2729 effati
1027 2697 1074 2730 nen
1093 2687 1167 2743 recte,

64 2758 142 2806 quam
156 2744 271 2792 inuenire
282 2745 331 2793 sibi
345 2744 413 2791 visus
426 2745 451 2791 in
463 2744 579 2805 margine
591 2744 733 2792 annotavit.
745 2743 780 2792 cl.
792 2746 847 2793 Cic.
859 2745 890 2792 de
904 2744 967 2794 Nnt.
980 2745 1031 2801 De.
1043 2760 1074 2794 ιι.
1083 2749 1122 2794 20.
1138 2747 1167 2795 J.

62 2808 227 2856 fissurus-1
246 2809 314 2857 Flor.
325 2822 417 2856 cursus.
435 2807 696 2856 Elnrenhorstius.—2
713 2808 788 2857 Harl.
801 2808 875 2857 Voss.
896 2809 921 2856 in
940 2822 1043 2857 errorem
1062 2811 1166 2858 intellec·
1237 2826 1239 2831 ·

55 2877 115 2928 ,turn
126 2872 237 2920 insidere.
271 2871 306 2920 At
326 2870 425 2919 Beued.
436 2885 539 2920 errorem
557 2871 691 2920 intellectus
710 2872 823 2920 incidere.
858 2871 980 2934 Optime:
1000 2881 1028 2920 ut
1041 2873 1095 2936 jum
1112 2873 1166 2921 diui

63 2936 96 2983 ud
120 2936 184 2982 illel.
203 2935 246 2982 lib·
258 2947 286 2984 x,
306 2949 332 2996 p.
351 2938 409 2982 714.
428 2934 452 2982 b.
469 2933 661 2994 ‘Intellectus'
677 2943 719 2984 est
740 2949 802 2997 ergo
821 2937 948 2984 secundus
968 2950 1052 2985 casus.
1071 2938 1167 2984 Oud—

64 3003 79 3046 3
100 2998 261 3047 Haruvmc.
281 3007 306 3047 et
324 2997 391 3046 Edd.
403 3005 468 3046 vett.
481 2997 543 3046 item
554 3000 665 3048 Wowen
676 2999 807 3046 inuoluunt.
825 2998 914 3048 [del
933 3000 1031 3047 Bened.
1046 3005 1107 3061 post.
1127 2998 1166 3046 ld.

61 3067 116 3108 ·-5
133 3059 176 3110 Sic
187 3062 285 3122 optime
301 3077 315 3108 e
333 3062 385 3108 Ms.
397 3075 445 3109 suo
456 3061 538 3109 edidit
549 3063 627 3111 Vule.
639 3072 666 3110 et
676 3076 747 3125 seqq.
760 3062 808 3110 nisi
819 3064 889 3124 quod
900 3063 927 3110 in
938 3064 1043 3111 omittat
1053 3064 1164 3110 Wower.

66 3139 127 3173 cum
141 3123 207 3173 Cod.
219 3125 294 3173 Harl.
307 3125 383 3174 Voss.
394 3141 415 3174 s.
429 3126 478 3172 lroec
489 3125 551 3174 enim
562 3127 612 3174 luce
621 3127 722 3174 sidereo.
755 3124 792 3173 At
804 3127 922 3175 Fulviuu.
933 3141 1033 3190 quoque
1046 3126 1119 3175 uddit
1130 3126 1167 3186 in,

69 3188 162 3236 Nostri
173 3202 253 3237 urere.
287 3187 354 3236 Vide
366 3189 398 3237 ud
410 3190 478 3237 Met.
488 3189 533 3237 lib.
545 3202 585 3238 ιιι.
597 3205 623 3250 p.
631 3193 689 3239 754.
700 3188 724 3238 b.
757 3189 856 3238 Bened.
868 3188 948 3239 babet
957 3192 1028 3251 signu
1040 3190 1105 3239 XII.
1116 3192 1167 3239 tuce

63 3253 169 3301 sidereo
201 3253 298 3300 Verum
312 3266 363 3301 uon
376 3253 432 3315 ugit
444 3252 477 3300 de
492 3253 572 3316 signis
591 3253 722 3312 Zodineis‚
740 3253 786 3300 sed
799 3254 920 3315 planetis.
953 3253 1004 3303 Adi
1022 3255 1126 3303 Pluton.
1139 3267 1165 3315 p.

64 3320 140 3364 1⁰52.
174 3315 258 3377 Vulgo
277 3316 304 3364 in
323 3318 406 3365 lucem.
422 3315 513 3364 Iti-6
530 3318 594 3378 Mus.
610 3322 729 3379 poterunt.
746 3317 959 3367 Elmenborstius.
993 3318 1066 3366 Harl.
1087 3317 1167 3365 Vulc.

65 3379 166 3428 Bened.
180 3379 248 3427 Edd.
261 3386 324 3428 vett.
333 3381 407 3429 Colv.
416 3378 500 3429 Wow.
512 3385 638 3440 potuerunt
650 3386 668 3430 t.
678 3381 778 3431 numeri.
800 3382 875 3430 Voss.
885 3387 1013 3444 potuerunt
1024 3387 1042 3430 t.
1053 3380 1165 3429 numeris.

63 3445 163 3492 Deesse
175 3442 274 3506 aliquid
286 3443 388 3493 scilicet
400 3444 541 3494 credebaut
552 3444 660 3506 librarii,
682 3444 728 3493 sed
742 3460 829 3494 rursus
846 3445 1050 3508 subintelligitur
1068 3445 1166 3492 ‘sentit

562 3604 671 3654 NOTAE

97 3725 107 3749 ³
125 3714 190 3765 Solis
205 3715 299 3779 quippe]
320 3715 372 3765 Ms.
388 3716 487 3765 Tbuan.
520 3717 597 3767 Solem
638 3724 666 3768 et
684 3724 753 3768 stato
767 3733 844 3768 eursu
864 3718 1051 3782 meatnslonge
1063 3720 1166 3769 ordina-

65 3794 159 3856 quippe.
638 3794 749 3843 tissimus
762 3794 856 3843 divinis
872 3793 970 3843 vicibus
988 3804 1098 3843 aeternos
1113 3793 1167 3843 effi·

75 3869 107 3928 ,⁸
123 3869 189 3924 Quos
203 3881 250 3915 non
265 3872 328 3916 reete
344 3867 464 3917 Erremus
480 3873 504 3917 et
519 3868 598 3929 Vagus
637 3869 726 3920 ciunt.’

63 3941 177 4006 dicimus]
195 3943 292 3992 Noster
304 3942 331 3991 in
340 3943 383 3991 De
396 3943 453 3993 Deo
463 3945 596 3992 Socratis:
655 3995 657 3999 .
670 3953 681 3977 ¹¹
693 3947 725 3995 P.
731 3960 832 3994 errorem
842 3946 975 3993 intellectus
985 3945 1088 3994 incidere
1102 3947 1167 4010 [pos-

63 4020 180 4069 ‘Verum
197 4017 277 4066 etium
294 4017 407 4082 quinque
424 4020 526 4080 Stellas,
538 4035 596 4083 quae
637 4020 722 4068 suntin
731 4019 1107 4082 erem-eminielleeluminducere]
1115 4022 1166 4072 Ms.

64 4095 143 4157 vulgo
162 4094 244 4157 vigae
261 4093 293 4141 ab
305 4093 433 4156 imperitis
451 4109 598 4156 nuncupuu·
637 4095 735 4144 Thurin.
742 4099 838 4157 possunt
848 4095 874 4142 in
884 4109 987 4144 errorem
994 4096 1109 4146 incidere:
1121 4113 1168 4161 op·

65 4180 127 4221 tur:
144 4183 203 4236 que
214 4177 301 4220 temen
315 4168 453 4236 indeflexo,
470 4177 598 4233 steorte,
638 4171 716 4221 time:
734 4171 772 4221 sic
782 4170 920 4235 legendum
929 4171 1041 4222 omnino.
