2694 4710
177 286 263 350 1070
501 299 611 348 arun.
637 300 685 348 on
711 300 956 348 noan.r1.rr.

178 443 261 507 tiam
276 461 356 506 vero
372 440 524 525 procule
545 441 686 517 ratione,
713 441 757 505 ad
783 442 989 507 domicilium
1013 443 1127 507 cordis
1149 443 1276 509 deduc·

177 550 243 607 tam
258 563 345 621 esse,
360 543 588 628 obsequique⁵
615 561 702 618 earn,
725 548 763 607 et
784 543 819 605 in
833 543 910 607 loco
924 543 1126 626 respondere
1142 546 1277 628 sapien·

176 645 234 708 tiae
245 642 281 709 :⁶
293 643 483 731 cupidinem
499 652 601 726 atque
616 642 803 725 appetitus,
816 651 1025 726 postremam
1041 647 1182 708 mentis⁷
1199 666 1278 732 por·

157 801 160 808 .
177 745 309 822 donem,
325 746 471 810 infernas
487 745 702 810 abdominis⁸
720 745 818 809 aedes
831 752 1004 822 tenere,ut
1015 747 1162 829 popinas
1172 766 1276 829 quas·

176 844 253 913 dam
268 853 301 910 et
314 846 507 910 latrinarum
521 846 695 924 latebrae,⁹
716 847 901 911 diversoria
914 848 1071 931 nequitiae
1086 854 1189 930 atque
1204 848 1280 912 lux·

177 946 268 1011 uriae.
313 946 513 1029 Relegatam
543 968 621 1014 vero
648 947 776 1012 idcirco
801 949 932 1031 longius
953 970 974 1012 a
1000 950 1164 1033 sapientia
1191 949 1285 1014 lianc·

176 1055 308 1131 partem
323 1049 438 1128 videri,
452 1069 495 1114 ne
510 1051 700 1132 importuna
711 1050 896 1114 ‘vicinitate
907 1051 994 1114 ratio
1009 1050 1206 1114 consultans
1222 1051 1279 1115 de·

177 1169 275 1233 super
289 1156 483 1215 cunctorum
500 1152 614 1229 saluti,
639 1151 674 1214 in
696 1151 770 1234 ipse
791 1152 1035 1234 cogitationum
1050 1152 1194 1216 utilitate
1208 1160 1279 1216 tur-

175 1252 331 1315 baretur.¹
376 1251 500 1316 Totum
517 1272 597 1316 vero
614 1251 783 1318 hominem
798 1253 833 1316 in
848 1253 962 1336 capite
976 1255 1162 1335 vultuque²
1177 1261 1280 1317 esse.u

168 1349 269 1435 ¹Nam
285 1359 295 1397 ³
311 1352 534 1434 prudentiam,
550 1372 737 1436 sensusque
752 1373 877 1432 omnes,
901 1375 964 1419 non
978 1356 1087 1418 alias⁴
1102 1374 1204 1437 quam
1219 1355 1279 1418 illa

177 1458 272 1537 parte
289 1447 440 1545 corporis
456 1455 629 1518 contineri.
655 1453 657 1456 ⁴
675 1447 798 1519 Cetera
813 1457 901 1519 enirn
916 1456 1063 1520 membra
1078 1455 1230 1520 ancillari
1246 1461 1286 1519 ct·

178 1558 387 1621 subservire.⁵
406 1556 520 1640 capiti,
534 1557 632 1620 cibos
647 1562 683 1619 et
697 1556 767 1619 alia
781 1556 1040 1620 subministrare.
1084 1555 1176 1637 [087]
1192 1555 1277 1620 Ver-

176 1767 254 1802 ereem
263 1753 360 1814 capitio:
377 1753 533 1804 irascentium
545 1756 623 1801 autem
638 1753 809 1800 directaneum
823 1754 854 1800 ad
871 1755 950 1802 eedem
959 1753 1038 1801 cordia
1053 1755 1121 1812 longe
1136 1767 1151 1800 ο
1165 1751 1288 1816 meane,

176 1821 247 1879 atque
257 1817 408 1865 eamobedire
419 1821 443 1864 et
451 1831 534 1877 parere
546 1816 695 1874 Prudentia,
706 1830 758 1863 enm
775 1821 811 1863 eet
821 1831 886 1878 apua
923 1817 1084 1876 Cupiditatem
1095 1822 1119 1864 et
1131 1816 1280 1877 appetitum,

178 1894 230 1940 que
240 1885 296 1929 eunt
304 1879 389 1928 ultimo
398 1894 457 1941 pure
467 1880 551 1939 animi,
559 1893 671 1940 occupare
680 1881 731 1926 loco
741 1880 855 1938 inferiora
865 1880 963 1939 centra,
974 1880 1047 1928 ueluti
1056 1880 1167 1941 quaedam
1176 1893 1278 1941 ganeae,

177 1948 202 1991 et
210 1944 308 1993 latibula
318 1945 458 2004 cloacarum,
466 1945 559 1992 etabuta
568 1943 668 1991 matitia
679 1947 703 1990 et
713 1943 876 2006 impudicitiae.
911 1943 1072 1991 Haerentem
1084 1943 1172 1991 mentio
1185 1945 1279 2005 portio-

176 2021 230 2056 nem
244 2007 320 2056 cederi
336 2006 388 2056 ideo
403 2009 485 2070 procul
499 2007 612 2057 remotam
625 2022 642 2055 a
658 2007 771 2070 Ratione,
787 2022 817 2057 ae
833 2007 931 2055 moterta
938 2007 1103 2069 propinquitas
1113 2007 1216 2055 ittirain
1227 2006 1280 2069 r’p'ro

168 2069 256 2128 snecta
266 2073 441 2122 meditationum
451 2073 600 2135 prudentiam
608 2072 780 2120 interturbaret
790 2072 906 2120 intentam
916 2087 947 2120 ex
956 2072 1005 2118 atto
1015 2072 1173 2119 incolomitati
1181 2079 1281 2120 cuneta·

176 2149 229 2183 rum
237 2137 353 2198 partium.
388 2138 471 2184 Totum
482 2140 561 2184 autem
567 2136 682 2184 bominem
692 2136 819 2183 concutere
829 2135 856 2182 in
865 2136 942 2196 capite
948 2140 972 2183 et
976 2134 1052 2193 facie.
1078 2135 1205 2183 mentem
1216 2136 1280 2183 enim

177 2203 202 2246 et
213 2213 290 2248 omnee
302 2214 383 2248 mneos
393 2214 440 2247 non
450 2200 507 2246 olibi
517 2200 627 2259 residere,
635 2213 705 2259 quam
712 2199 739 2246 in
750 2197 792 2245 iila
800 2204 869 2260 parte
878 2199 990 2262 eorporir.
1024 2199 1089 2246 Nam
1099 2199 1201 2260 retiquae
1211 2204 1282 2247 artua

170 2261 291 2319 famulari
312 2269 336 2311 et
357 2262 493 2311 minirtrare
508 2262 590 2324 capiti,
611 2263 760 2324 suppeditare
780 2277 856 2311 ercam
873 2268 943 2326 atqroe
962 2263 1018 2312 alia.
1057 2263 1190 2312 Conantuit
1207 2264 1283 2316 etiam

639 2403 817 2425 nomme

177 2510 192 2553 5
211 2504 279 2554 Edd.
291 2509 352 2556 aute
363 2504 472 2554 Vulcen.
485 2511 575 2555 carent
590 2505 625 2566 τῷ
640 2520 693 2566 que.
711 2503 801 2556 1d.-a
817 2505 987 2567 stewechius,
1002 2511 1028 2554 et
1043 2519 1149 2568 respuere
1160 2504 1283 2554 interdum

177 2571 242 2630 logor
252 2568 383 2630 repanda.
407 2569 479 2629 Legi.
491 2569 600 2617 Elmenb.
621 2570 654 2616 Et
669 2570 752 2618 intoco
764 2583 826 2630 resp.
845 2569 898 2618 Ubi
911 2571 1065 2619 reoetlocns
1094 2571 1200 2618 oetrrlat.
1219 2570 1242 2618 N
1247 2585 1282 2618 on

176 2632 311 2684 hebentrb
319 2635 344 2680 et
353 2633 427 2682 Harl.
437 2633 512 2680 Voss.
523 2639 551 2681 et
563 2632 661 2681 Bened.
671 2646 732 2694 rerp.
742 2633 767 2680 in
776 2635 824 2681 troo
837 2632 904 2682 Edd.
917 2638 976 2681 ante
985 2585 1104 2683 ElmenR.
1113 2640 1205 2686 contra
1217 2634 1283 2683 bles.

178 2698 246 2759 qnod
259 2695 400 2743 obscurius.
435 2696 552 2744 Ridicule
563 2704 590 2744 et
603 2695 698 2744 frustra
710 2696 839 2745 stewech.
859 2698 970 2746 oud—i
989 2698 1090 2746 Bened.
1106 2698 1167 2746 enirn
1185 2699 1281 2746 mentio.

137 2765 149 2777 ‘
179 2760 276 2810 Exulet
287 2759 353 2806 mule
369 2757 398 2806 rb
408 2761 494 2809 mentia
504 2759 536 2808 eb
550 2758 616 2808 Edd.
628 2766 690 2808 ante
701 2760 813 2810 Vrrlcan.
830 2760 919 2811 ld-e
936 2761 1035 2810 Bened.
1047 2761 1077 2810 ab
1090 2761 1130 2809 iia.
1163 2761 1239 2810 Harl.
1250 2764 1283 2818 ad

178 2824 246 2873 imae.
280 2824 334 2873 Pro
351 2827 429 2871 terrere
441 2823 507 2872 Edd.
523 2830 585 2872 ante
596 2824 706 2873 Volceu.
722 2824 827 2873 obtinere
837 2830 928 2873 contre
940 2827 1004 2873 Mse.
1022 2825 1110 2873 let—9
1126 2825 1202 2873 Vere.
1221 2830 1283 2874 am.

179 2902 220 2950 pr.
232 2887 354 2937 tenebrae:
371 2895 399 2936 et
411 2902 469 2936 mox
481 2887 623 2948 retegatron.
637 2888 725 2937 lit-1
749 2888 826 2938 Viciu.
837 2893 861 2936 et
871 2888 988 2939 rationem
1004 2893 1163 2951 conmmptam
1181 2890 1284 2951 deeuper

180 2957 258 3000 carot.
270 2954 315 3000 eal.
333 2953 374 3013 tro.
385 2951 502 3000 turbaret.
535 2952 649 3014 Exponit
662 2951 760 3001 Florid.
776 2951 806 3004 rb
818 2959 976 3014 consumptam
987 2967 1033 3016 pro
1045 2953 1169 3013 intentam,
1181 2959 1211 3000 nt
1222 2968 1284 3000 een-

179 3029 221 3065 sne
240 3016 291 3065 loci
308 3013 426 3075 flagitare
447 3014 593 3064 videbator.
627 3016 725 3064 Verum
742 3015 817 3078 hujus
836 3018 973 3065 locutionis
991 3017 1111 3065 idoneum
1131 3018 1288 3079 exemplum,

180 3093 278 3142 quaro.
312 3078 388 3127 Alind
401 3079 463 3144 qrrid
482 3079 561 3128 latet:
581 3093 638 3127 nem
650 3079 679 3128 τὸ
689 3085 712 3129 et
723 3081 808 3129 otiose
820 3080 861 3128 hio
873 3087 914 3129 est
927 3081 1026 3141 vacrila,
1037 3095 1117 3142 qnare
1128 3082 1206 3128 etiarn
1217 3080 1283 3130 omi·

181 3143 216 3191 eit
227 3144 310 3192 Wow.
322 3157 378 3191 cnm
392 3143 515 3192 Selinusia
527 3144 570 3205 qni
583 3144 614 3192 od
628 3145 743 3208 Epictet.
762 3158 787 3205 p.
808 3147 863 3193 rto.
879 3145 944 3206 legit
961 3145 1128 3193 naamitarum.
1162 3145 1194 3191 In
1213 3144 1283 3194 Edd.

181 3221 244 3257 vero
261 3213 321 3256 ante
334 3207 429 3266 scalig.
449 3213 477 3256 nt
489 3215 515 3254 et
526 3208 647 3257 Wonerii
660 3210 731 3271 legas
745 3209 912 3257 comtitutam:
929 3208 973 3256 ced
990 3209 1053 3257 Mss.
1068 3214 1226 3269 conmmptam
1239 3212 1282 3268 vel

180 3274 324 3333 conrumptm
336 3278 365 3318 nt
381 3270 504 3321 exhibent
528 3273 642 3321 Florent.
661 3280 689 3320 et
705 3271 804 3321 Bened.
820 3286 850 3319 nc
870 3273 946 3321 Plato
966 3272 1003 3321 eit
1024 3287 1050 3334 p.
1070 3275 1140 3320 1014.
1157 3274 1283 3322 nmorando

179 3334 320 3398 πορῤοτάτω
330 3335 374 3383 τοῦ
384 3333 556 3394 βουλευομένου
567 3336 622 3386 rive
637 3337 776 3385 comuttore.
810 3333 910 3384 Adhuc
922 3337 948 3384 in
959 3337 1025 3385 Mes.
1039 3336 1153 3384 Florent.
1166 3337 1241 3385 Voss.
1254 3346 1283 3387 et

178 3399 280 3450 Bened.
293 3405 334 3449 eet
347 3399 493 3448 turbaretur.
527 3399 597 3449 trine
609 3400 713 3450 minime
724 3399 940 3461 mutationelego
952 3400 998 3461 ric,
1009 3415 1039 3449 ue
1049 3400 1184 3461 importuno
1194 3400 1282 3448 ouini·

180 3464 311 3513 toleratio
329 3465 464 3513 eonerdtane
484 3465 583 3526 desuper
600 3469 736 3513 crudorum
752 3463 835 3524 tutati,
853 3466 893 3524 tre.
910 3465 1054 3513 turbaretur.
1088 3464 1119 3512 ln
1132 3463 1201 3513 Edd.
1219 3473 1281 3513 ente

179 3527 290 3577 anceo.
303 3529 485 3591 pretendunt.
505 3535 603 3590 poster.
621 3534 663 3577 est
675 3528 825 3590 perturbaret
838 3536 930 3576 contre
945 3530 1009 3578 Mer.
1027 3528 1067 3577 Id.
1102 3528 1283 3589 Cogitationem

179 3591 311 3641 Mutato.
344 3593 387 3642 lte
409 3591 518 3640 emendo
536 3599 641 3641 secutur
662 3593 791 3654 vulgatum
809 3592 947 3640 lectionem
963 3592 1129 3653 eognodonum
1147 3591 1281 3642 uicinitate.

181 3656 332 3704 Woweriae.
363 3655 415 3706 Sed
432 3662 505 3705 recte
517 3657 592 3706 anc.
608 3663 635 3706 et
646 3657 728 3706 ceteri
741 3669 798 3705 oum
816 3656 881 3704 Moe.
892 3655 1021 3707 dederunt
1032 3656 1203 3716 cogitationum
1213 3655 1282 3705 atili·

180 3724 237 3769 tate.
250 3719 622 3782 011d.-2v0ss.mrmrnqae.
640 3720 730 3768 ld.-a
748 3719 791 3768 Ite
801 3720 1001 3770 Florentavoss.
1016 3720 1091 3770 Harl.
1102 3720 1201 3768 Bened.
1213 3721 1281 3770 Edd.

182 3784 250 3832 Elm.
272 3787 322 3832 dec.
355 3784 472 3846 Reliquae
490 3799 598 3845 eramque.
622 3783 712 3832 Id.-t
731 3784 872 3846 Lepmuon
892 3785 948 3833 aliu.
972 3785 1085 3833 Calvino.
1119 3784 1163 3833 Sc.
1186 3793 1279 3845 perte:

182 3848 249 3960 pond
261 3859 289 3898 et
301 3862 349 3912 ego
362 3848 462 3896 malim:
480 3862 540 3895 nam
550 3849 610 3896 aliae
622 3862 669 3909 pro
681 3848 729 3901 alto
740 3849 789 3897 toro
806 3863 838 3896 eo
857 3849 974 3896 Latinum
989 3849 1024 3896 eit
1044 3847 1146 3905 dubito.
1164 3849 1279 3897 Oua—5

202 3912 327 3977 ebrernire,
340 3913 380 3975 tro.
407 3911 472 3961 Haec
484 3913 548 3963 eatis
558 3919 618 3962 runt
627 3913 759 3975 mendose,
769 3925 854 3976 neque
865 3912 920 3974 ejus
932 3913 1061 3977 purgandi
1073 3927 1120 3975 par
1131 3911 1183 3961 t'uit
1194 3911 1281 3964 erudi·

640 4072 643 4076 ,
674 4040 784 4092 NOTAE

237 4141 248 4166 ⁰
268 4133 351 4182 Totum
359 4149 411 4184 nero
421 4138 538 4186 bominem
549 4137 576 4186 in
587 4138 663 4201 eapite
673 4139 784 4201 nutuque
795 4137 854 4201 erre]
871 4138 937 4188 Vide
946 4137 1068 4189 'limeum
1081 4152 1140 4202 pag.
1152 4141 1224 4187 1056.
