2694 4710
303 344 601 403 uru.r.'s1vrr‘ns
628 351 772 400 curuos
797 350 940 403 uerus.
1084 327 1171 401 {1043

72 492 182 562 fectus
199 505 279 576 est‚³
296 505 329 560 et
344 505 384 559 ut
398 494 619 576 municipales
634 495 725 577 leges
742 494 836 577 ejosr
860 495 1044 578 provinciae
1058 494 1170 560 addis-

49 606 210 664 ·cerot:4
238 600 359 664 tertius
385 598 459 680 ejus
488 596 651 672 adventus
678 597 860 678 fugientem
885 596 1042 674 Dionem,
1067 597 1171 680 impe-

69 707 159 764 trata
173 700 377 783 a-Dionysio
392 697 502 774 venia,
518 696 636 777 patriae
659 716 730 760 suae
750 693 911 760 reddidit.i
955 694 1044 773 Quae
1060 701 1172 761 autem

70 801 237 879 consulta,
252 820 330 883 quae
352 794 509 883 hippona*
533 797 652 862 Graece
667 797 745 861 licet
760 797 841 874 dici,
857 796 900 859 ad
917 796 1096 860 utilitatem
1112 797 1171 860 ho·
1197 877 1202 886 .

69 890 208 979 minum,
225 902 427 985 vivendique
441 906 453 947 ⁵
469 906 504 963 et
521 898 727 980 intelligendi
749 907 784 962 et
804 897 964 980 loquendi
983 898 1150 962 'rationem
1164 895 1171 932 ¹

70 1002 240 1080 extulerit,
255 1002 331 1068 hinc
356 1002 536 1067 ordiemur.
583 1000 675 1064 Nam
699 1001 859 1082 quonism
883 1005 952 1064 tres
966 1008 1083 1081 partes
1098 1000 1171 1082 phi·
1265 1069 1268 1074 ,

68 1103 237 1185 losophiae
252 1099 434 1186 'congruere
450 1103 535 1167 inter
551 1121 588 1165 sc
602 1101 730 1184 primus
749 1099 947 1176 obtinuit,⁶m
961 1119 1022 1163 nos
1035 1118 1187 1183 quoquc.

70 1205 255 1286 separatim
276 1204 426 1277 dicemus
442 1204 485 1268 de
500 1204 653 1285 singulis,
669 1203 843 1267 anaturali
859 1201 1074 1284 philosophia
1089 1201 1172 1266 faci-

69 1312 162 1370 entes
178 1306 365 1377 exordium.
410 1305 515 1369 Initia
529 1322 638 1368 rerum
655 1323 731 1367 esse
741 1303 805 1367 tria
820 1302 1025 1366 arbitratur⁷
1041 1301 1172 1366 Plator

69 1479 136 1527 iliius
145 1481 286 1541 procincim
300 1481 372 1531 tertio
381 1495 422 1529 suo
433 1482 536 1531 moratu
546 1479 654 1528 restituit
666 1481 693 1530 in
708 1482 813 1544 patriam
824 1482 927 1531 Dionem
935 1481 1106 1544 refugientem,
1117 1495 1172 1528 exo·

68 1547 122 1590 roto
134 1544 251 1608 Dionysio
261 1551 288 1595 ut
307 1547 330 1594 ei
348 1546 490 1606 maeret.
521 1544 573 1593 Hic
583 1557 638 1592 nero
656 1545 794 1607 incipiemus
804 1547 893 1605 referre
912 1561 1018 1609 quanam
1027 1545 1117 1608 placito
1132 1544 1173 1608 (co

65 1613 166 1669 possunt
178 1610 264 1658 Groecs
282 1610 362 1659 uocari
378 1607 497 1672 δόγματα)
513 1607 615 1656 ediderit
626 1609 658 1655 ad
673 1612 817 1658 cunuwdum
836 1610 964 1671 bonrinam,
974 1617 998 1659 et
1015 1612 1045 1658 ad
1057 1609 1173 1656 rationem

69 1673 164 1719 moeniis
181 1678 206 1720 et
221 1673 372 1734 surehsgendt
390 1679 462 1735 atque
479 1671 626 1721 enuntiandi.
660 1672 724 1726 Quia
734 1673 796 1721 enim
815 1675 866 1737 ipse
880 1672 1112 1738 primusoffirmooit
1123 1677 1173 1718 tres

32 1786 39 1792 ⁴
64 1739 150 1796 portes
166 1736 325 1799 Philosophia
335 1738 459 1786 conuenire
475 1737 540 1785 inter
550 1749 584 1798 se,
593 1750 635 1782 nos
646 1736 719 1784 etium
729 1738 870 1787 dissensum
879 1741 908 1786 de
919 1752 1056 1800 unaquoque
1067 1737 1174 1795 seorsim,

68 1797 209 1861 incipientes
227 1816 243 1849 o
262 1801 417 1864 Philosophia
436 1798 560 1850 Norunt
593 1800 666 1848 Plato
686 1801 791 1850 censebat
809 1816 859 1851 esse
876 1801 925 1851 trio
942 1801 1064 1865 'principio
1084 1814 1173 1856 rerum,

531 1938 711 1961 omuueeeo

70 2044 140 2104 lego.
157 2041 248 2091 Braut.
282 2041 355 2092 Leid.
373 2047 401 2090 et
420 2042 494 2091 Rom.
512 2040 687 2090 dissentientes.
705 2040 968 2090 Eimeuhorstius.-d
985 2041 1127 2088 Exulatest
1139 2040 1172 2088 ab

72 2105 149 2154 Harl.
165 2113 192 2154 et
208 2106 280 2155 Voss.
301 2107 411 2160 oud-t
429 2105 568 2165 vesanjae
584 2105 708 2164 legeseus.
729 2105 815 2154 lul—4
833 2105 926 2165 Vulgo,
941 2106 1050 2153 disceret.
1069 2105 1174 2152 Elmeu·
1253 2118 1261 2132 ·

70 2169 192 2217 horstius.
226 2171 268 2219 Sic
281 2170 345 2219 Elm.
357 2177 384 2218 et
398 2182 499 2232 seqq.e
512 2169 625 2217 Floreat.
660 2169 761 2232 Reliqui
774 2169 839 2218 Mss.
858 2183 915 2216 curn
928 2167 1053 2216 Sarisber.
1066 2169 1172 2217 disceret.

71 2233 104 2282 L.
120 2232 238 2283 Holsten.
249 2233 313 2296 legit
325 2235 388 2294 leges
397 2233 420 2280 ei
428 2233 558 2295 prouincia
568 2232 680 2280 scisceret
691 2247 724 2281 ex
736 2232 840 2282 astruo
853 2240 880 2280 et
892 2233 1002 2280 Platone
1014 2233 1063 2295 Ep.
1076 2236 1098 2279 3.
1110 2235 1135 2280 7,
1147 2237 1171 2279 8.

70 2296 135 2345 Mox
148 2296 247 2346 Beued.
261 2299 340 2360 ipsura
355 2296 458 2345 Diouem
469 2295 614 2356 fugientem.
631 2295 750 2345 ond—5
768 2298 899 2358 Excerpts
911 2297 1023 2345 Puteani
1040 2303 1066 2343 et
1078 2297 1173 2345 Batav.

69 2361 219 2422 videndique.
236 2362 450 2411 Elmeuhorstius.
479 2360 544 2408 Mss.
557 2367 653 2422 praeter
665 2359 740 2407 Voss.
750 2360 907 2422 videndique:
924 2362 999 2407 male.
1029 2360 1082 2407 Pro
1094 2366 1117 2407 et
1129 2361 1174 2421 loq.

73 2424 150 2472 Harl.
163 2425 262 2475 Bened.
274 2427 350 2474 Voss.
359 2427 444 2487 acloq.
461 2423 583 2473 oud-ti
600 2423 693 2475 Quidsi
704 2424 786 2486 legas,
797 2423 932 2478 substinuit,
944 2425 969 2470 id
983 2431 1033 2483 est,
1042 2414 1173 2471 sustinuit?

72 2487 187 2539 Colvius.
219 2490 321 2538 Prave:
339 2489 440 2538 obtinuit
449 2487 516 2536 enim
526 2494 611 2547 notat,
621 2502 668 2550 pro
681 2496 753 2536 certo
765 2485 902 2536 affirmavit
913 2494 940 2534 et
953 2487 1053 2535 statuit.
1081 2487 1111 2535 L.
1124 2500 1175 2535 vu.

71 2551 139 2600 Met.
160 2553 223 2601 ‘sed
232 2553 345 2602 obtinuit
359 2549 423 2616 allus
433 2551 449 2601 :'
467 2552 524 2600 iuit.
535 2549 613 2614 Apol.
636 2553 644 2579 ‘
654 2559 742 2600 certus
762 2552 881 2614 equidem
897 2565 978 2611 crans,
997 2565 1095 2613 proque
1113 2565 1174 2597 vero

73 2615 243 2665 obtinebam!
263 2618 374 2666 oud—i
391 2617 443 2665 Ms.
454 2616 569 2664 Floreut.
581 2623 609 2664 et
620 2615 680 2663 inde
698 2617 813 2664 Elmeuh.
826 2619 875 2663 &c
888 2615 950 2663 dant
960 2615 1131 2676 arbitrabatur,
1144 2617 1174 2671 nt

71 2679 191 2729 Laiirtius
202 2679 309 2746 &niaque
319 2682 332 2743 t
344 2685 386 2729 bb.
419 2680 470 2728 Sed
488 2680 552 2727 Mss.
568 2679 660 2742 reliqui
678 2680 811 2727 arbitratur
824 2679 954 2727 retinent:
973 2685 1000 2727 et
1015 2679 1051 2727 sic
1064 2693 1136 2741 seqq.
1148 2679 1174 2725 in

71 2746 196 2805 prasenti
206 2751 274 2795 cocat
284 2744 343 2810 (uhi
359 2752 446 2793 temen
458 2742 558 2792 Beued.
570 2742 651 2793 habet
666 2743 772 2806 uocauit)
787 2743 939 2808 pronunciet,
950 2747 1121 2798 communierat,
1133 2743 1174 2804 brt.

72 2963 289 3036 nemsureepisse
301 2971 438 3020 Platonem
452 2969 542 3020 scribit
557 2971 606 3020 La·
645 2973 782 3036 ‘placita'
808 2973 907 3023 Graecis
929 2973 1045 3034 δόγματα,
1065 2971 1112 3018 ἀπὸ
1132 2971 1176 3018 τοῦ

72 3048 124 3097 iirt.
136 3048 183 3097 sed
199 3055 291 3098 contra
307 3050 376 3097 ultro
395 3047 549 3112 Dionysium
560 3048 607 3098 Ju·
645 3049 733 3112 δοκεῖν,
744 3051 752 3079 ‘
764 3051 831 3114 quod
843 3051 880 3099 sic
892 3049 1046 3099 rideantur?

72 3122 172 3171 nioreur
189 3123 349 3183 convenisse,
365 3123 562 3186 postulasseque
573 3124 605 3172 ab
680 3124 687 3157 ¹
706 3125 880 3188 Vicendiqneet
889 3124 1039 3185 intelligendi
1046 3130 1070 3172 et
1080 3127 1173 3186 toquen-

73 3211 105 3245 eo
117 3204 211 3246 terram
223 3206 250 3247 et
261 3198 386 3261 homines,
402 3197 445 3262 qui
457 3199 536 3261 juxta
547 3213 605 3247 cou·
644 3202 670 3250 di
681 3201 808 3263 rationem]
824 3202 882 3250 Hoc
890 3209 941 3261 est,
950 3202 1106 3263 placitatum
1116 3200 1174 3248 Mo·

73 3274 190 3322 stitutum
203 3288 218 3322 a
229 3288 256 3321 se
268 3272 454 3336 rempublicam
471 3273 604 3332 viverent3
645 3277 719 3336 ralis,
736 3282 789 3325 turn
809 3276 928 3341 Physica,
945 3283 999 3324 tum
1010 3275 1116 3337 Logics,
1129 3288 1175 3322 seu

73 3363 123 3397 nec
140 3348 256 3398 abfuisse
271 3349 444 3411 suspicionem
462 3364 521 3398 cum
534 3365 605 3413 mag·
645 3352 803 3401 Dialectica.

73 3420 159 3473 nosui
172 3423 380 3487 periculoDioui
395 3424 533 3473 etTlreota
547 3439 604 3486 per·
677 3436 696 3461 ¹¹¹
714 3429 831 3484 Quoniam
848 3432 899 3478 tres
923 3433 1004 3490 portes
1024 3427 1176 3490 philosophice

74 3500 187 3550 suadere
199 3508 322 3562 tentasse,
337 3508 367 3550 ot
383 3500 526 3550 liberarent
536 3502 606 3552 iasu-
645 3518 773 3564 congruere
784 3504 976 3567 mtuseprimus
982 3502 1097 3564 obtinuit]
1108 3503 1175 3551 Vide

74 3581 138 3627 lam·
462 3597 465 3609 ²
646 3583 735 3632 Lairt.
757 3585 782 3632 in
806 3584 861 3632 rita
882 3583 988 3632 Platon.
1022 3583 1071 3631 His
1092 3582 1175 3630 tribus

72 3692 75 3696 Α
105 3653 226 3703 *Tenios
235 3654 546 3716 ejasadoenhufugientcm
557 3656 606 3705 Di·
646 3659 762 3721 partibus
786 3658 896 3708 accessit
916 3665 1009 3722 quarta
1031 3657 1124 3718 ἡμετὰ
1145 3657 1176 3705 rb

72 3730 606 3796 mem,impetrato,aDionnsionenia,potrioe
645 3736 742 3796 φυσικὰ,
752 3735 784 3783 de
797 3749 848 3797 qua
861 3735 941 3783 multa
954 3735 1117 3783 Aristoteles.

72 3805 251 3867 suoe‘reddidit]
277 3805 308 3854 ld
319 3813 405 3855 tamen
416 3820 473 3856 euru
487 3807 605 3856 obtinere
678 3810 784 3858 ¹¹Initio
804 3824 884 3858 rmum
899 3824 948 3859 csse
971 3810 1019 3859 trio
1043 3809 1176 3857 arbitratur

71 3881 195 3945 nequisse
214 3880 295 3931 refert
312 3882 441 3941 hairtins,
459 3889 487 3932 et
505 3882 605 3932 iniecto
623 3889 625 3895 '
647 3886 727 3943 Puro,
737 3883 791 3947 isc]
807 3885 880 3933 Male
893 3898 955 3947 ergo
968 3884 1058 3932 Laese.
1070 3884 1106 3931 sit
1116 3897 1176 3931 eum

74 3958 226 4020 negotiand
240 3957 350 4020 patriam
363 3957 482 4007 rediisse.
646 3960 760 4022 posuisse
770 3958 821 4006 duo
829 3959 932 4006 osuriiuo
940 3972 1025 4006 rerum
1039 3958 1176 4020 principia,

108 4035 120 4066 ¹¹
138 4035 261 4091 Crmsuita,
277 4051 329 4097 quc
342 4033 463 4096 δόγματα]
480 4035 606 4084 ‘Consuh
647 4037 733 4084 Deum
748 4041 776 4082 et
791 4034 941 4083 Materiam.
976 4032 1053 4082 Hunc
1072 4033 1175 4096 Apuleii

73 4111 118 4162 ta’
136 4113 283 4162 dictasunt
303 4112 409 4161 decreta
425 4113 607 4175 Senatus,ple·
646 4109 729 4159 nostri
751 4109 835 4158 locirm
862 4110 981 4158 muniunt
1010 4109 1127 4158 Clralcid.
1150 4110 1175 4156 iu

73 4188 115 4239 his
139 4200 200 4239 rere
221 4186 324 4250 ‘seiten'
343 4194 371 4237 at
389 4187 606 4250 Philosophorum
648 4183 850 4236 Plat.Timaeum
862 4188 989 4248 pag-408.
1012 4185 1088 4232 ‘sont
1101 4181 1176 4231 initis
