2694 4710
286 313 358 359 mn.
382 313 407 360 1.
431 304 516 360 srvu
541 311 589 360 on
613 311 759 360 eureos.
784 312 927 361 nurus.
1069 300 1155 364 1067

56 449 148 536 [579]
171 452 246 536 ejus
269 459 302 517 et
322 459 440 519 natura
466 459 625 538 constet,⁴
653 474 728 537 quae
754 454 914 518 nascendi
938 455 1063 521 sortitae
1084 463 1158 521 sunt

56 553 268 634 qualitatem.
313 554 407 617 Hine
436 561 493 618 et⁵
520 556 680 635 tangitur,
705 562 740 619 et
764 556 906 631 videtur,
934 558 1158 642 sensibusque

57 653 254 736 corporeis⁶
268 662 321 718 est
336 657 467 719 obvius
513 657 581 720 Sed
596 656 686 738 quod
701 657 734 720 ei
748 657 908 721 nascendi
919 677 1054 721 causam
1066 661 1159 724 Deus

55 755 227 834 praestitit,
243 757 320 820 ideo
342 756 569 821 immortaii⁷⁸
590 755 864 837 perseverantia⁸
889 762 942 820 est
963 777 1095 840 semper
1108 759 1159 822 iu·

56 861 164 920 turus,
208 857 366 920 Animam
382 877 460 920 vero
475 859 692 922 animantium
714 860 858 921 omnium
880 877 947 921 uon
962 878 1159 940 corpoream

56 965 163 1031 esse‚⁹
186 976 247 1023 nee
263 977 343 1020 sane
371 959 563 1039 perituram,
589 978 665 1021 oum
693 978 833 1038 corpore
859 957 960 1021 fuerit
976 957 1158 1034 absoluta,h

55 1058 296 1139 omniumque¹
312 1058 512 1140 gignentium
536 1078 612 1121 esse
635 1055 822 1133 seniorem,i
845 1062 944 1139 atque
958 1057 1034 1122 ideo
1050 1064 1083 1122 ot
1096 1062 1160 1122 im-

55 1159 202 1240 peritare
214 1165 226 1194 ²
240 1162 273 1220 et
288 1178 399 1239 regere
412 1179 464 1235 ea,
486 1178 627 1241 quorum
643 1178 757 1223 euram
773 1159 873 1223 fuerit
888 1159 1159 1242 diligentiamque

57 1338 195 1388 substantia
206 1339 271 1388 iltius
282 1340 386 1390 uniuersi
403 1340 506 1402 conflato
524 1345 561 1388 est
576 1355 607 1390 ex
626 1342 704 1404 reno,
721 1356 819 1402 quorum
830 1346 917 1389 uotum
927 1346 963 1389 est
979 1346 1055 1390 ortum
1067 1340 1160 1389 nubre.

58 1402 121 1450 Inde
132 1409 167 1451 est
176 1406 235 1464 quod
243 1406 364 1467 palpetur,
374 1408 398 1452 ei
408 1404 533 1465 aspicitur,
544 1419 572 1452 uc
585 1408 651 1465 putet
662 1404 769 1452 sensibus
780 1404 904 1467 corporeis.
928 1404 964 1453 At
975 1405 1084 1466 quonium
1093 1405 1161 1452 Deus

57 1465 110 1527 ipsi
126 1467 226 1530 proebuit
236 1483 331 1516 consum
341 1468 458 1527 uescendi,
475 1467 562 1516 ideirco
577 1482 744 1530 pennuusurur
760 1473 795 1518 ert
813 1474 926 1531 perpetua
935 1469 1065 1516 duratione.
1098 1469 1161 1515 Ani·

58 1543 124 1578 mm
134 1537 212 1580 nutem
222 1536 357 1580 cunctorum
367 1530 503 1580 animalium
519 1546 565 1580 nou
576 1545 625 1580 erse
635 1545 777 1594 corporeum,
787 1546 859 1594 neque
875 1545 926 1579 eum
937 1537 999 1579 certe
1010 1532 1162 1579 interiturum

60 1607 113 1643 eure
123 1597 214 1656 quondo
223 1596 305 1654 fuerit
315 1595 432 1653 dirjumtn
442 1612 457 1642 u
471 1609 576 1656 corpore,
587 1610 682 1656 euntque
692 1609 741 1643 eme
752 1595 908 1656 antiquiorem
919 1595 1019 1655 cunctis,
1029 1610 1081 1656 qun
1088 1610 1161 1655 gene·

59 1664 159 1708 rentur:
175 1664 200 1707 et
218 1659 306 1707 idcirco
324 1657 441 1707 dominari
458 1664 483 1706 et
497 1659 632 1719 gubernare
641 1673 678 1721 eu,
689 1674 741 1721 que
759 1659 879 1707 commissu
893 1659 988 1719 suerint
1005 1656 1054 1709 eun
1065 1673 1128 1708 curn
1138 1663 1163 1707 et

520 1768 624 1789 &evene
628 1769 702 1789 uuo

60 1852 124 1901 ned.
138 1866 224 1901 rursus
234 1853 298 1914 quin.
318 1851 437 1902 ond-4
453 1851 720 1901 uenerationem
732 1853 910 1900 subremanet.
929 1851 998 1900 Flor.
1011 1857 1038 1898 et
1050 1852 1163 1912 Excerp.

62 1918 125 1965 But.
137 1924 163 1964 et
177 1916 249 1964 Leid.
261 1930 292 1964 en
302 1915 341 1963 nir
351 1916 419 1964 rebus
433 1918 508 1964 nubat.
527 1916 578 1975 qius
594 1922 618 1964 et
637 1921 690 1964 nut.
708 1922 808 1963 constet.
827 1915 944 1964 Etmenh.
981 1917 1021 1962 Ex
1039 1915 1077 1961 bis
1094 1916 1163 1964 rebus

61 1981 138 2028 subet.
148 1979 196 2040 ejus
206 1985 230 2028 et
240 1984 292 2029 nut.
303 1984 400 2028 renutet.
423 1979 465 2028 Itu
477 1980 548 2028 edidi
560 1978 612 2028 fide
622 1981 796 2028 Mss.'l'buun.
808 1979 884 2028 Voss.
895 1979 972 2027 Vulo.
985 1992 1028 2025 seu
1043 1978 1116 2026 Leid.
1134 1988 1164 2026 et

63 2044 141 2093 Hori.
173 2045 205 2093 ln
224 2044 323 2091 Beued.
342 2051 383 2091 eut
400 2044 556 2092 exnirrebur
566 2044 736 2092 rudebetnut.
771 2043 843 2091 Fuit.
854 2057 885 2091 en
896 2043 934 2089 iris
944 2043 1014 2090 rebus
1025 2042 1098 2090 totius
1109 2047 1160 2091 not.

61 2108 115 2167 qius
126 2113 149 2155 et
158 2108 231 2157 rubet.
242 2115 269 2154 et
281 2109 318 2155 sio
330 2107 396 2156 Etru.
411 2121 468 2155 eum
481 2121 554 2171 seqq.
574 2107 622 2154 uisi
640 2107 708 2170 quod
720 2106 770 2165 einr
786 2114 951 2170 postponant.
984 2104 1052 2154 Edu.
1064 2106 1163 2167 priores

62 2187 95 2219 ex
113 2172 151 2219 nir
169 2174 242 2221 totius
260 2176 378 2220 naturaei
389 2170 464 2219 rubet.
483 2171 504 2220 ei
516 2170 572 2233 quis
584 2171 657 2218 totins
669 2171 781 2219 retinere
793 2170 865 2229 velit,
884 2184 931 2232 per
949 2183 989 2217 me
1008 2169 1078 2217 ticet.
1099 2170 1162 2218 Onu.

62 2241 112 2284 —5
131 2233 215 2283 Abest
233 2241 256 2284 et
276 2249 291 2283 u
312 2233 413 2282 Bened.
433 2235 523 2284 Itu-6
541 2234 661 2297 Corporis.
679 2234 730 2283 ΜΒ.
751 2235 884 2296 corporeis..⁸
910 2241 992 2282 recte.
1010 2233 1165 2282 Elmeubbor·

61 2299 133 2347 nim.
167 2300 232 2347 Mus.
245 2299 278 2347 0.
289 2299 420 2360 corporeis:
437 2297 521 2346 minus
539 2304 611 2346 reete
631 2304 691 2346 ante
705 2297 945 2359 ulmerucuporn.
962 2295 1164 2358 Oudendorp.—

61 2366 79 2410 7
98 2362 166 2412 Edd.
179 2369 239 2410 unte
250 2363 358 2411 Vulcon.
371 2361 530 2412 immortalis:
547 2369 638 2410 contre
656 2362 739 2410 codd.
774 2361 856 2409 Peulo
868 2368 929 2408 unte
941 2361 1014 2408 Voss.
1024 2374 1103 2408 runnu.
1121 2360 1162 2408 Id.

65 2431 116 2474 -8
135 2428 205 2475 utare
216 2427 286 2475 bane
299 2439 389 2475 vocem
403 2426 501 2474 omittit
514 2426 588 2474 Rom.
602 2425 694 2473 codex.
714 2425 871 2473 Ument-9
887 2423 962 2473 Hert.
973 2424 1047 2471 Voss.
1058 2439 1106 2471 nou
1116 2438 1165 2472 esse

64 2506 130 2552 corp.
164 2491 237 2538 Fulv.
250 2505 300 2538 uec.
316 2489 433 2538 Onu-1
451 2490 522 2538 Muto
534 2490 641 2552 omnique
652 2486 721 2539 Edd.
733 2496 793 2537 aute
805 2488 914 2536 Vnican.
934 2487 1023 2537 Id.-2
1039 2487 1081 2535 Sic
1102 2502 1164 2535 sune

65 2552 209 2618 etquidem
223 2553 306 2601 Fulvii
317 2553 417 2603 codex:
434 2553 611 2602 elimontem:
626 2553 799 2615 intempemre:
816 2558 846 2600 ut
863 2551 953 2599 Fulvio
973 2550 1099 2614 probetur
1110 2557 1166 2598 tern-

15 2672 18 2676 ,
63 2633 158 2680 perure.
176 2618 283 2679 Sciopp.
300 2618 326 2664 in
343 2616 432 2680 Symb.
465 2617 594 2678 Imperare.
619 2616 662 2665 Itu
685 2624 816 2678 postremo
833 2616 945 2664 Basileus
963 2629 1060 2664 cusum.
1094 2613 1165 2662 Ante

65 2689 123 2729 erut
136 2681 230 2745 ubique
242 2682 412 2744 intemperans
429 2693 476 2728 uec
489 2682 555 2729 male
567 2679 684 2744 quidem:
704 2687 733 2728 ut
744 2678 832 2728 notari
851 2693 929 2741 supra
948 2679 979 2727 ad
999 2679 1088 2728 tibrv.
1106 2679 1165 2726 Flo·

67 2745 149 2795 ridor.
161 2746 229 2793 Colo.
263 2745 405 2806 imperitare
415 2745 480 2793 Mes.
490 2743 632 2793 Lindenbr.
645 2754 673 2792 et
683 2743 733 2791 mei
745 2757 833 2792 omnes
844 2758 902 2792 eum
914 2758 965 2791 uno
977 2744 1050 2790 Fulv.
1061 2749 1088 2790 et
1100 2743 1168 2790 Edd.

67 2809 143 2856 Vnic-
154 2811 204 2858 &e
215 2816 312 2871 praeter
323 2808 457 2868 Wowerii‚
468 2809 510 2871 qui
522 2823 579 2857 cum
589 2808 684 2857 Ursino
698 2808 777 2858 tacite
790 2808 906 2870 praetulit
919 2813 1057 2868 temperare,
1067 2807 1127 2870 quin
1139 2807 1165 2854 in

69 2873 153 2921 aiteio
166 2873 222 2934 ejus
232 2872 295 2921 Cod.
307 2880 333 2921 et
344 2871 412 2921 Edd.
425 2878 490 2920 vett.
502 2878 542 2920 est
554 2873 719 2934 intemperare.
753 2871 805 2920 Sed
821 2872 877 2934 jam
897 2871 923 2918 in
942 2872 989 2919 Ed.
1006 2871 1079 2920 Juut.
1099 2879 1165 2932 post.
1191 2912 1194 2916 .

559 2968 663 3034 porra

65 3071 122 3119 deri
136 3069 214 3128 enim,
224 3074 252 3116 et
269 3069 338 3130 tangi
352 3074 451 3130 potest,
464 3074 491 3116 et
503 3081 596 3130 corpus
636 3065 865 3128 μεταμφιεννυμένην
880 3065 984 3125 σώματα.
1011 3064 1167 3115 ‘immorta-

65 3143 163 3193 babet!
181 3145 233 3192 Mu.
244 3144 362 3192 'ibuunun
373 3143 453 3192 babet
463 3144 521 3192 bio:
537 3146 599 3192 nuti·
638 3144 687 3192 lom
702 3143 770 3192 dixit
780 3157 835 3193 esse
846 3142 966 3203 animum,
978 3148 1005 3188 et
1016 3142 1097 3189 inulte
1110 3155 1167 3189 cor-

66 3235 122 3270 num
132 3235 187 3268 uero
196 3219 280 3276 uideri,
292 3221 353 3281 quod
365 3234 397 3268 ex
412 3219 450 3268 niu
464 3219 533 3269 rebus
542 3220 596 3269 sub·
638 3234 702 3282 pora
713 3218 845 3273 iuduerez’
856 3217 918 3268 'bueo
931 3225 973 3266 eut
990 3217 1167 3280 Pythagorica

64 3297 225 3356 renitimini,
237 3301 260 3343 et
270 3302 356 3344 nutura
366 3300 465 3355 constet,
475 3297 515 3356 ἔνο.
635 3296 826 3358 μετεμψύχωσις,
838 3309 913 3360 quum
926 3301 1016 3357 aperte
1029 3292 1167 3356 protuetur

100 3383 113 3418 r
131 3373 180 3422 Sed
191 3373 253 3435 quod
266 3373 288 3420 ri
300 3372 411 3420 noscendi
425 3387 520 3420 cuneum
531 3373 597 3423 Deus
638 3373 714 3422 Plato
726 3373 751 3420 iu
764 3370 912 3420 Pbaedone:
930 3384 979 3418 neo
996 3370 1103 3429 mirum:
1123 3383 1167 3415 au-

63 3449 192 3514 praertitit‚
210 3451 262 3498 ideo
281 3447 416 3507 immortali,
433 3446 487 3511 dfe]
510 3422 596 3497 Aliam
638 3448 740 3497 diverat
756 3447 823 3495 enim
842 3447 867 3495 in
887 3446 966 3494 Itulia
978 3445 1168 3510 Phiioiuum'et

66 3541 170 3575 causam
184 3522 265 3574 refert
274 3524 360 3574 Lndrt.
370 3524 396 3572 in
406 3523 459 3572 vita
470 3523 598 3583 Plutonis,
637 3525 764 3584 Eurytum
776 3521 975 3584 Pythagoricos.

67 3601 188 3662 ὰλλὰμὴν
198 3599 236 3649 nai
243 3598 363 3664 ἄφθαρτον
370 3597 485 3660 διαμένειν
493 3597 536 3648 τὸν
543 3598 596 3647 κόν·
670 3598 677 3631 ¹
694 3598 850 3660 Omniumque
864 3596 1016 3659 gignentium
1031 3611 1080 3644 esse
1091 3597 1168 3644 renio·

67 3694 122 3739 μον,
135 3676 173 3724 διὰ
186 3675 215 3725 rb
229 3676 262 3736 μὴ
278 3678 412 3725 διαλύεσθαι
431 3673 464 3724 εἶς
479 3672 596 3723 τὸνθεόν.
637 3674 697 3736 rem]
724 3662 844 3723 Obiervu
867 3673 981 3736 patrium
999 3687 1087 3721 cusum
1110 3687 1167 3721 cnm

10 3769 13 3772 ·
67 3757 126 3802 ‘eo
155 3751 222 3815 qnod
249 3765 300 3806 nou
330 3751 412 3814 possit
439 3749 544 3800 dissolvi
570 3751 596 3799 in
638 3749 767 3812 adjectivo
797 3749 964 3812 comparativi
989 3749 1092 3810 gradus.
1133 3749 1169 3796 Et

68 3827 173 3880 Deum!
637 3824 826 3888 ‘gignentium'
839 3822 1168 3887 pro‘nescentium,'quod

100 3902 241 3952 hAnimum
259 3919 314 3952 uero
325 3903 481 3951 animantium
496 3901 598 3950 omnium
633 3901 688 3964 jam
710 3899 911 3948 observavimus.
952 3897 983 3945 In
1004 3897 1070 3944 bano
1091 3889 1181 3959 porro

67 3995 116 4030 uon
132 3993 263 4042 corporeum
274 3993 333 4040 erse,
344 3993 449 4030 neumae
459 3976 597 4040 periturum,
639 3975 793 4025 sententium
810 3974 924 4037 loquitur
942 3973 1028 4031 Pluto,
1039 3973 1065 4020 iu
1080 3972 1169 4020 Diato-

67 4071 123 4105 rum
132 4069 227 4117 empore
235 4055 316 4113 suerit
329 4051 446 4115 absoluto]
462 4053 597 4103 Laertius:
639 4066 681 4115 go,
693 4049 735 4100 oui
747 4061 840 4097 nomeu
851 4046 998 4110 Epinomis:
1019 4045 1130 4108 λάβωμεν
1140 4049 1168 4104 δὴ

67 4130 186 4193 teum
203 4129 273 4192 ἔλεγε
293 4131 338 4189 τὴν
354 4131 442 4194 ψνχὴν,
459 4129 498 4180 καὶ
517 4128 599 4180 πολλὰ
639 4124 760 4189 rodrd'pe,
771 4124 801 4174 ὣς
811 4122 877 4187 ψυχὴ
888 4121 1046 4186 πρεσβύτερόν
1057 4125 1110 4180 iuri
1121 4123 1178 4172 nt:

135 4210 255 4274 Dentur
267 4211 324 4262 Vur.
334 4211 400 4262 ctus.
589 4210 661 4271 Aput.
1046 4207 1062 4251 8
1079 4203 1104 4252 X
