2694 4710
356 313 430 361 niu.
454 312 478 360 1.
502 311 588 360 srva
613 310 661 358 na
686 309 836 359 unicos.
857 310 1003 361 nunna.
1062 340 1064 345 -
1134 297 1237 381 1081Χ

120 466 190 522 tarn
217 457 326 537 regit,⁸
349 463 571 539 parentesque
598 455 653 518 ei⁹
685 454 972 534 [cumiuratores
998 455 1073 521 dune
1095 465 1219 539 partes,
1324 489 1326 493 ⁴

122 559 447 639 concordantesqne¹
475 558 559 622 iuter
582 576 629 632 se,
645 557 818 620 iracundia
832 563 865 621 et
879 558 1048 640 voluptas,
1064 558 1145 622 nihil
1160 579 1220 641 np-

120 667 250 742 petunt‚
272 660 353 722 nihil
367 663 604 733 commovent,²
627 656 718 739 quod
733 657 849 721 inutile
866 677 942 720 esse
959 657 1094 722 duxerit
1110 659 1218 723 ratio.³

121 761 299 845 Ejusmodi
314 761 356 824 ad
373 759 659 843 aequabilitatem4
676 759 832 841 partibus
856 759 978 824 animae
1001 761 1218 841 temperatiS‚⁵

120 883 241 946 corpus
260 863 351 946 nulla
374 858 644 945 perturbatioue⁶
666 857 839 940 frangitur.
883 856 1071 942 Alioquin⁷
1095 861 1221 925 invehit

121 949 349 1046 eegmitudiuem
365 970 464 1046 atque
478 960 717 1026 invalentiam8
731 965 765 1023 et
774 954 981 1026 foeditatim:
1004 980 1078 1024 cum
1093 963 1219 1026 incom-

118 1067 243 1146 positae
269 1074 304 1128 et
326 1064 514 1148 inaequales
535 1064 622 1126 inter
646 1082 683 1128 se
708 1069 823 1127 erunt:
847 1082 923 1126 cum
949 1062 1161 1127 irascentiam
1183 1065 1218 1126 et

119 1166 322 1230 consilium⁹
349 1165 531 1245 subegerit,
558 1163 692 1246 sibique
721 1162 923 1246 subjecerit¹
951 1163 1139 1245 cupiditas:
1162 1171 1221 1228 aut

119 1284 195 1328 cum
208 1267 378 1330 dominam
386 1266 477 1329 illam
488 1265 701 1346 reginamque
712 1264 885 1341 rationem,
897 1263 1102 1346 obsequente
1115 1263 1219 1328 licet²

119 1374 155 1430 et
170 1375 316 1450 pucata³
332 1367 503 1449 cupidine,
526 1367 578 1429 ira
592 1365 805 1446 flagrantior4
828 1365 958 1429 vicerit.
1003 1364 1069 1428 Sed
1086 1366 1218 1448 aegritu·

121 1468 231 1531 dinem
245 1469 367 1531 mentis
382 1467 562 1532 stultitiam
577 1466 659 1530 dicit
673 1472 770 1544 esse,⁵
786 1484 926 1548 eamque
940 1465 975 1528 iu
990 1474 1101 1547 partes
1115 1465 1220 1531 duas·

120 1625 246 1685 inferiores
262 1629 285 1676 ei
301 1629 422 1688 obediunt,
437 1635 508 1691 atque
529 1628 656 1677 Iracundia
674 1633 698 1676 et
712 1627 845 1691 Cupiditas,
862 1627 908 1676 sibi
925 1627 1026 1677 invicem
1043 1627 1222 1701 consentiemus,

119 1691 182 1739 nibil
191 1693 299 1756 cupiunt,
309 1694 371 1742 nibil
382 1694 497 1753 cuntant,
507 1695 568 1755 quod
578 1693 641 1742 ratio
650 1693 843 1755 pronuntiaverit
854 1705 901 1740 esse
909 1693 1015 1740 nonium.
1050 1691 1103 1739 illis
1112 1689 1221 1752 partebus

119 1755 216 1803 Anima
234 1756 269 1804 sic
288 1759 422 1817 compositis
440 1757 658 1818 autumnitatem,
678 1770 761 1818 coeptu
778 1757 844 1804 nulm
860 1755 1038 1818 perturbatione
1057 1753 1220 1814 labefactatur.

119 1818 191 1867 Alias
199 1820 275 1869 trabit
286 1821 400 1882 morbum,
412 1821 567 1880 debilitatem,
583 1825 608 1869 et
625 1821 815 1880 deformitatem:
838 1821 930 1881 quaudo
946 1824 1015 1867 erunt
1030 1819 1180 1880 inordinata,
1197 1823 1220 1866 et

119 1881 248 1944 inaequales
258 1884 372 1933 incicon:
388 1887 479 1945 quando
498 1898 580 1946 nempe
593 1884 788 1946 Concupiscentia
803 1883 918 1932 dmicerit
928 1898 956 1931 ac
967 1882 1015 1930 sibi
1025 1883 1155 1931 subdiderit
1166 1896 1221 1943 par·

120 1951 169 2002 tem
180 1947 328 2004 mascmtm,
339 1952 364 1995 et
378 1948 520 1996 Rationem:
544 1949 582 1996 oei
599 1949 690 2009 quando
709 1946 840 2004 Iracundia
855 1947 977 1995 ardentior
995 1945 1141 2007 superaverit
1156 1945 1221 1992 itiam

119 2011 260 2070 magistram
270 2026 299 2058 ac
308 2012 428 2072 Reginam
448 2011 583 2066 Rationem,
593 2010 698 2072 quamuis
716 2009 909 2072 Concupiscentia
924 2008 971 2069 ipsi
989 2009 1091 2068 obediat,
1108 2013 1132 2055 et
1141 2009 1175 2056 eit
1185 2023 1221 2056 se·

120 2075 185 2124 data.
219 2076 264 2124 Ait
274 2080 354 2123 autem
364 2074 469 2123 morbum
479 2072 564 2123 Animi
574 2087 624 2123 esre
634 2073 782 2136 Stultitiam,
794 2079 817 2121 et
829 2073 953 2121 distribuit
964 2086 1015 2121 eam
1030 2073 1055 2120 in
1067 2074 1125 2120 duas
1133 2076 1222 2134 partes,

119 2282 180 2332 ned.
191 2284 267 2333 Voss.
301 2285 383 2335 Paulo
401 2290 462 2334 aute
479 2300 528 2347 pro
542 2285 660 2335 animanti
675 2286 752 2335 Harl.
765 2285 901 2334 animantis.
917 2283 1008 2333 la-s
1024 2283 1088 2332 Scit.
1102 2284 1221 2332 animam.

119 2348 173 2396 Ms.
191 2348 293 2397 Bened.
303 2348 354 2399 Ed.
370 2349 443 2400 Colv.
455 2351 553 2398 totum.
571 2351 646 2399 Hiarl.
657 2355 708 2400 tota
720 2351 792 2410 regis.
808 2349 898 2397 la-o
916 2349 975 2397 Hoc
987 2348 1152 2410 participium
1167 2347 1220 2395 vin·

119 2411 205 2459 dicari
222 2412 344 2475 Apuleio,
360 2414 510 2463 auctoribus
526 2415 593 2463 Mss.
610 2415 725 2462 Floreat.
741 2415 814 2462 Fulv.
824 2414 901 2461 Voss.
911 2412 1024 2459 Putean.
1038 2412 1132 2460 Buten.
1145 2411 1221 2460 Harl.

118 2475 221 2524 Bened.
257 2477 368 2539 Regitur
385 2492 461 2540 reque
480 2491 510 2525 ac
530 2479 538 2505 ‘
556 2475 811 2540 concordantesque’
831 2489 846 2523 a
865 2475 947 2523 verbo
966 2475 974 2501 ‘
992 2474 1054 2522 nihil
1077 2475 1223 2536 appetunt!
1242 2512 1252 2524 .

118 2539 205 2601 Vulgo
223 2547 354 2604 parentque
366 2541 529 2603 simpliciter,
547 2542 586 2589 vel
607 2547 736 2603 parentque
754 2542 785 2601 ei,
804 2546 833 2588 ut
849 2539 876 2586 iu
894 2538 1041 2586 Edd.-urm.
1058 2540 1139 2586 Sci-iv.
1151 2538 1221 2586 Flor.

118 2602 164 2651 Sic
173 2602 205 2652 de
214 2604 313 2653 Mundo
327 2619 351 2666 p.
361 2608 417 2653 749.
431 2607 438 2634 ‘
450 2605 507 2668 ejus
518 2605 623 2654 arbitrio
640 2611 773 2666 parentum
787 2609 886 2651 mentes
898 2601 1048 2664 egitanien*
1057 2602 1074 2650 i.
1083 2617 1106 2650 e.
1119 2600 1222 2664 srrbjec·

121 2674 225 2721 torum:
246 2677 274 2716 ut
286 2668 354 2732 apud
366 2669 469 2718 Sallust.
481 2670 568 2718 la-r
587 2669 654 2718 Edd.
669 2669 754 2717 Wow..
762 2674 789 2716 et
801 2667 836 2717 Ο.
848 2674 908 2715 ante
920 2667 1031 2715 Vulcan.
1043 2667 1221 2727 concordesque.
1272 2709 1275 2714 .

118 2729 212 2779 la.-n
229 2731 297 2779 Edd.
309 2741 370 2780 ante
381 2732 399 2782 J
402 2740 456 2780 unt.
471 2740 538 2795 post.
549 2738 650 2782 mouent.
677 2731 743 2780 Edd.
754 2731 830 2780 anc.
840 2729 908 2779 Scal.
919 2731 981 2780 Bas.
992 2736 1054 2778 tert.
1065 2734 1223 2778 commonent:

119 2794 196 2842 male.
213 2795 302 2844 Ja-s
320 2796 423 2844 Dixerit
442 2797 477 2844 R.
511 2797 613 2855 Malim,
629 2796 729 2844 duxerit
749 2795 782 2843 R.
800 2795 913 2844 Colvius.
946 2793 1221 2855 Renunciatum.

120 2857 155 2906 Ο.
167 2860 287 2921 drauum
298 2858 373 2910 Harl.
383 2860 498 2908 emerim
507 2862 585 2910 Voss.
603 2860 717 2908 Oui—i
736 2858 810 2908 Harl.
823 2865 851 2907 et
862 2857 930 2906 Edd.
948 2865 1009 2907 ante
1019 2859 1130 2906 Vrrtean.
1142 2872 1222 2919 aqua·

118 2922 229 2970 litatem:
244 2929 370 2985 utsupra.
397 2922 449 2972 Sed
460 2931 489 2973 et
500 2923 533 2972 de
545 2925 604 2972 Deo
614 2923 686 2973 Socr.
698 2938 724 2985 p.
736 2926 791 2971 683.
808 2922 816 2950 ⁴
831 2929 930 2970 aterna
941 2920 1137 2985 aequabilitate!
1148 2922 1221 2969 Id.-

119 2990 135 3033 b
154 2985 255 3035 Bened.
272 2987 416 3048 temperatis.
434 2987 524 3037 lat—tr
541 2987 658 3037 Florent.
673 2986 815 3038 turbatione.
851 2985 924 3036 Harl.
936 2993 963 3033 et
974 2985 1023 3035 Ed.
1039 2986 1112 3035 Colo.
1127 2990 1222 3032 contru-

119 3049 222 3097 batioae.
239 3049 328 3099 Ida-t
346 3051 422 3100 Voss.
440 3057 466 3100 et
484 3050 545 3100 Ald.
562 3052 636 3102 Junt.
653 3050 750 3111 alioqui.
767 3049 858 3098 la—tr
875 3050 918 3097 Sic
932 3049 1047 3098 Florent.
1059 3050 1134 3098 Voss.
1146 3049 1221 3097 Harl.

119 3113 221 3162 Bened.
233 3113 300 3163 Edd.
312 3115 388 3165 dunt.
400 3121 470 3177 post.
483 3114 549 3162 Elm.
561 3119 612 3164 &a
646 3113 678 3162 In
690 3113 796 3177 reliquis
807 3112 1013 3176 insolentiamque.
1041 3114 1095 3162 Pro
1105 3113 1222 3174 incompo-

118 3176 174 3224 sitoe
193 3177 291 3226 Bened.
311 3178 411 3241 inpacta
429 3178 521 3227 Id.-9
537 3179 592 3226 Mn.
611 3179 728 3229 Floreat,
747 3178 875 3225 irascentia
893 3177 1024 3226 consilium.
1057 3177 1131 3226 Fulv.
1146 3177 1223 3225 Voss.

121 3241 222 3290 Bened.
235 3240 303 3289 Edd.
314 3243 381 3290 Elui.
393 3242 476 3291 Scriv.
488 3241 617 3291 irascentia
628 3247 653 3291 et
662 3241 799 3290 comitium:
816 3240 862 3288 sed
874 3240 976 3289 omnino
987 3241 1064 3290 male.
1097 3239 1222 3289 Auctoris

119 3318 194 3352 mens
207 3312 264 3353 este
280 3306 345 3354 'l'urn
363 3306 449 3354 invehi
464 3306 655 3368 aegritudinem,
669 3309 719 3355 &a
737 3319 795 3355 curn
814 3319 864 3352 una
879 3318 911 3353 eu
928 3304 1010 3353 tribus
1027 3305 1143 3369 partibus
1157 3302 1220 3350 dnae

120 3367 235 3432 reliquas
252 3368 358 3418 vicerit:
377 3385 418 3418 ex.
437 3384 476 3433 gr.
493 3384 551 3418 cum
572 3370 707 3432 Cupiditas
723 3368 826 3430 subegit
844 3369 1014 3418 irascentiam
1030 3376 1057 3416 et
1072 3366 1223 3428 Consilium,

120 3432 179 3480 sive
192 3431 260 3481 Iram
272 3440 299 3480 et
312 3433 457 3490 Rationem,
468 3448 526 3497 quae
540 3433 632 3482 endem
643 3440 719 3492 sunt;
736 3439 780 3481 aut
792 3447 848 3482 cum
862 3432 906 3481 Ira
917 3432 982 3481 vicit
994 3433 1137 3491 Rationem,
1147 3429 1222 3479 obse·

120 3504 220 3558 quente
233 3494 368 3558 Cupidine.
404 3496 525 3561 Alioquin
539 3497 578 3545 bis
589 3496 622 3545 de
634 3497 678 3546 Ira
689 3497 798 3546 victrice
809 3497 969 3559 loqueretur.
993 3497 1019 3544 Si
1031 3496 1072 3544 rel
1084 3496 1120 3545 sic
1133 3501 1221 3545 tamea

121 3559 257 3609 Irascentio
273 3561 330 3628 qais
348 3559 479 3623 preferat,
491 3561 592 3610 mallem
603 3562 754 3623 cupiditatem
760 3577 770 3617 ,·
788 3567 816 3609 ut
829 3561 914 3609 dicat:
932 3573 991 3608 cnm
1003 3559 1046 3607 lra
1057 3559 1120 3612 vicit
1132 3558 1221 3608 Consi·

60 3625 67 3636 “
120 3623 185 3672 liam
203 3629 231 3672 et
249 3624 436 3687 Cupiditatem,
455 3625 497 3674 rel
516 3639 574 3674 curm
593 3624 730 3674 Rationem
752 3624 822 3683 vicit,
837 3623 914 3687 eique
933 3623 1090 3686 obsequatur
1109 3621 1219 3684 Cupido.

120 3686 174 3736 Sed
187 3687 268 3737 multo
279 3689 425 3751 praeplacet
436 3689 541 3752 vulgata
550 3688 637 3738 lectio.
655 3689 743 3736 1d.·-‘l
759 3688 806 3736 Ed.
817 3689 900 3736 Wow.
912 3686 1019 3746 auderit.
1054 3687 1106 3735 Pro
1116 3691 1158 3735 aut
1168 3699 1222 3734 cum

121 3751 239 3802 Floreat.
249 3753 325 3802 Voss.
338 3752 437 3802 Bened.
454 3758 533 3802 autem
551 3768 572 3800 c.
589 3751 680 3802 Ia-n
695 3751 741 3800 Sic
757 3752 831 3800 Harl.
841 3753 916 3800 Voss.
932 3751 1032 3800 Beued.
1065 3751 1150 3812 Vulgo
1166 3748 1221 3797 licet

121 3814 171 3867 abr.
189 3813 279 3863 la-tt
296 3815 340 3870 Ita
360 3817 423 3865 Mas.
444 3817 478 3866 O.
513 3816 545 3865 In
564 3815 632 3865 Edd.
652 3823 713 3864 ante
724 3815 835 3864 Vulcan.
851 3815 958 3878 placata:
976 3815 1051 3864 solita
1069 3812 1220 3870 variatione,

121 3879 200 3945 Voss.
215 3878 329 3942 cupidini.
347 3879 438 3930 ld.-t
455 3880 555 3930 Beued.
564 3879 737 3943 flagrantiora.
754 3878 844 3929 la-s
862 3880 938 3928 Harl.
952 3884 984 3929 st.
999 3894 1047 3930 esee
1061 3878 1127 3928 dicit.
1144 3874 1220 3926 lu-
1303 3876 1307 3883 '

553 4026 556 4031 -
618 3989 726 4043 NOTAE

157 4096 166 4120 ⁸
183 4086 232 4137 Sed
247 4088 415 4150 egritudinem
425 4089 511 4138 mentis
523 4087 653 4138 stultitiam
692 4086 789 4139 Timaeo
800 4100 860 4153 pag.
873 4089 945 4138 lust.

122 4162 184 4211 dicit
194 4177 251 4228 erse,
259 4177 353 4229 eamqrtc
361 4167 388 4215 in
395 4170 477 4230 partes
484 4167 552 4231 duas,
558 4163 611 4229 qa]
621 4164 652 4212 In
