2694 4710
121 278 207 343 1052
444 293 556 341 seua.
582 294 630 339 aa
655 293 768 342 nucu.
794 293 900 341 ruer.

119 435 335 518 Quapropter
352 435 508 499 mobilem
534 434 717 518 pyramidis
737 434 876 498 sormam
897 432 964 516 igni
990 432 1108 512 dedit,t
1129 433 1215 517 quod

121 537 196 620 ejus
222 537 372 600 celeritas
400 537 573 618 agitationi
595 534 694 617 hujus
716 533 893 599 videatur³
917 553 993 598 esse
1015 535 1215 609 consimilis.

120 637 283 702 Secundae
308 638 498 702 velocitatis
521 637 698 718 octangula
719 636 853 718 sphaera
876 640 946 699 est:
967 636 1054 698 banc
1075 634 1217 699 uiride

121 738 205 815 tulit,
220 740 276 821 qui
291 739 431 803 levitate
445 744 478 802 et
492 740 686 820 pernicitate
702 749 781 820 post
803 741 912 820 ignem
928 736 1100 801 secundus
1121 743 1216 802 esset

120 837 322 903 Vicenalis4
336 839 470 922 sphaera
486 848 538 904 est
552 841 629 903 loco
643 843 741 903 tertio
753 847 785 903 :⁵
800 840 901 924 bajus
915 839 1023 902 forma
1037 836 1145 902 fluida
1156 836 1177 915 ⁶.
1190 843 1219 900 et

119 939 278 1004 volubilis
308 960 405 1022 aquae
435 941 628 1005 similior⁷u
655 950 708 1005 est
733 942 817 1006 uisa.
863 941 986 1004 Restat
1014 946 1218 1003 tesserarum

119 1119 223 1169 maxime
233 1128 358 1184 congruat.
393 1123 551 1180 Quamobrem
567 1124 679 1173 attribuit
696 1123 752 1185 Igui
763 1123 873 1188 figuram
886 1121 992 1171 molium
1004 1121 1156 1186 Pyrenaicis,
1168 1119 1219 1183 psit

120 1183 171 1242 q'us
180 1187 291 1235 oelodtas
302 1187 396 1237 uidetur
406 1188 495 1248 referre
508 1189 584 1250 ipsius
599 1188 763 1248 agitationem.
799 1188 888 1235 Gutus
899 1187 1037 1247 oetargulus
1045 1188 1176 1234 temedan
1185 1199 1221 1233 ce.

121 1248 241 1298 toritatem
251 1252 354 1300 obtinet.-
370 1252 504 1313 assignavit
514 1254 573 1300 banc
586 1253 693 1317 figuram
709 1251 778 1312 atri,
795 1251 852 1314 quia
862 1257 897 1299 est
909 1251 939 1299 ab
950 1251 1011 1312 Igne
1029 1252 1148 1299 monades
1165 1247 1219 1297 leui·

123 1315 173 1359 tate
184 1319 208 1360 et
218 1316 349 1364 sebeunte.
374 1316 464 1364 Globus
474 1317 664 1377 uigintimmm
672 1316 741 1364 labet
752 1316 851 1363 tertium
861 1317 936 1363 locruu
943 1331 952 1363 .·
959 1315 1046 1380 figura
1057 1314 1109 1373 eius
1118 1315 1220 1378 fimet

119 1375 227 1426 colabilis
239 1379 331 1428 vuueri
341 1381 419 1441 magis
429 1380 517 1440 referre
527 1382 628 1443 Aquam.
663 1380 776 1443 Superest
781 1379 862 1439 formu
873 1379 992 1440 cuborum,
1003 1393 1055 1441 qua
1064 1377 1177 1442 amiam
1187 1380 1220 1425 ar

577 1507 606 1524 O!
609 1505 759 1525 nomo

120 1607 135 1654 2
153 1603 220 1653 Edd.
233 1609 295 1653 aute
306 1604 436 1668 Basilflt.
452 1604 543 1653 ld.-i
560 1602 700 1665 agitationi
711 1606 760 1654 oid.
778 1602 866 1652 Scribe
877 1617 911 1652 ex
924 1602 1006 1652 veteri
1019 1601 1077 1651 cod.
1090 1603 1219 1664 agitationi

120 1667 197 1726 buius
216 1669 365 1718 Wouerius.
396 1667 429 1716 'ri
449 1669 518 1729 injus
540 1668 671 1729 adjectum
693 1682 726 1716 ex
747 1669 914 1717 Florentinis.
938 1667 1048 1716 arment.
1080 1667 1220 1717 Accedunt

120 1731 196 1780 Harl.
217 1732 291 1780 Voss.
314 1740 342 1781 et
360 1731 461 1780 Bened.
491 1733 605 1781 Oua-t
632 1732 703 1780 Flor.
721 1731 841 1781 metuatis.
860 1732 932 1781 Rom.
956 1739 983 1781 et
1006 1729 1067 1780 Ald.
1090 1730 1219 1791 eigesialie

121 1795 183 1844 Bas.
202 1799 225 1843 1.
237 1796 391 1856 vigesimalis.
416 1796 629 1844 Elmenborstius.
663 1795 739 1845 Harl.
755 1796 875 1846 eminulis.
908 1793 1155 1854 Benedeigirratir:
1175 1796 1219 1843 sed

120 1873 248 1921 suprascr.
270 1861 389 1908 victualis.
421 1861 495 1920 Voss.
516 1860 642 1909 niciuialis.
669 1859 737 1908 Edd.
763 1866 828 1908 vett.
856 1859 987 1920 cigesialis.
1012 1859 1129 1908 Cetrius.
1155 1858 1219 1919 uige-

119 1923 219 1971 sinralis.
238 1923 455 1987 Oudendorp-5
484 1924 558 1973 Harl.
579 1925 656 1972 Voss.
675 1924 723 1971 beo
742 1925 812 1972 tertio
829 1929 874 1973 est.
890 1924 1024 1971 Idem-tt
1043 1922 1105 1978 Alii,
1115 1923 1219 1986 fluvida.

119 1991 167 2036 -7
189 1988 300 2037 Volubilis
316 1994 342 2036 et
360 2005 397 2050 aq.
415 1988 469 2038 mm.
488 1989 604 2036 Floreat.
623 1986 723 2050 mobilis,
741 2003 808 2048 aqua
825 1988 879 2036 rias.
897 1986 1114 2036 Elmenborstius.
1149 1987 1219 2035 Male

48 2054 52 2058 “
119 2052 330 2101 Elmenb.esolo
343 2053 492 2100 Florentino
503 2051 586 2099 edidit
598 2067 655 2099 curu
667 2051 835 2114 sequentibus
847 2051 955 2100 mobilis:
982 2052 1101 2111 eglossa
1118 2050 1220 2099 bocor-

120 2121 192 2163 tum:
218 2130 275 2163 nam
288 2117 394 2178 reliquae
405 2124 509 2164 servant
520 2115 642 2163 solubilis.-
659 2114 737 2175 qrrod,
748 2122 777 2164 ut
790 2116 856 2163 bene
869 2116 934 2163 vidit
952 2116 970 2163 F
973 2114 1046 2162 lorid.
1063 2123 1092 2163 et
1110 2116 1219 2176 spbaera

120 2186 146 2226 et
158 2193 233 2241 aquae
244 2179 342 2242 optime
354 2180 484 2228 convenit.
516 2179 584 2227 Vide
604 2179 637 2226 ad
656 2179 723 2226 Met.
742 2178 760 2226 l.
781 2191 811 2226 rr.
832 2194 858 2242 p.
874 2183 916 2229 91.
937 2193 959 2228 a.
988 2179 1065 2242 ‘pila
1082 2177 1219 2229 volubilisl

621 2306 727 2358 NOTAE

120 2421 153 2484 ru·
162 2418 206 2480 μὲν
215 2420 245 2469 rb
258 2419 355 2479 κυβικὸν
370 2419 431 2471 εἶδος
445 2424 530 2482 δῶμεν.
564 2422 648 2470 Porro
689 2434 795 2483 quorum
809 2421 876 2468 latus
889 2420 988 2485 aequale
1004 2425 1045 2469 est
1060 2419 1222 2485 semidiameg
1239 2429 1253 2455 ³

120 2505 218 2566 praeter
229 2507 339 2560 quatuor
350 2503 578 2560 supramemorata
590 2497 649 2544 soli·
688 2504 730 2544 tro
746 2496 845 2554 circuli,
857 2496 900 2543 cui
912 2495 1098 2544 inscribuntur.
1133 2496 1220 2561 Atque

120 2573 151 2620 du
163 2573 297 2636 regularia,
311 2581 351 2620 est
362 2573 445 2620 adbuc
458 2571 648 2620 dedecuedrum
689 2571 728 2619 bae
740 2572 852 2635 quinque
869 2585 946 2633 supra
962 2579 1112 2619 memoratae
1129 2571 1219 2635 figura

119 2647 256 2696 duodecim
268 2656 391 2696 constans
410 2649 562 2710 pentagonis
575 2649 648 2695 etvi-
688 2646 776 2696 solidae
796 2647 925 2708 regulares
942 2659 973 2694 ea
993 2646 1026 2692 de
1047 2660 1128 2695 causa
1143 2647 1220 2696 dicte

120 2723 186 2784 giuti
196 2723 284 2771 solidis
295 2724 407 2786 angulis,
419 2738 469 2787 qua
481 2722 563 2786 ligura
574 2738 648 2774 usum
689 2731 749 2771 sunt
757 2720 899 2771 litteratorii
907 2719 1031 2782 σχήματα,
1040 2735 1149 2784 quorum
1160 2736 1221 2769 corr·

119 2797 199 2847 fuisse
215 2800 301 2848 Deum
317 2799 350 2846 ad
365 2799 477 2847 universi
493 2800 647 2849 constructi·
689 2798 838 2846 structionis
851 2796 985 2846 tradendae
998 2810 1075 2843 carran
1084 2796 1221 2846 Euclidem

120 2887 195 2921 onem
217 2873 255 2922 ait
277 2874 367 2923 Plato:
391 2874 463 2935 cujus
482 2875 647 2938 symbolicam
689 2870 1142 2937 (quiPlntonicuserat)universam
1153 2871 1221 2920 Gen·

118 2949 184 2996 banc
198 2949 323 2997 rationem
335 2946 413 2998 affert
432 2949 563 2998 Mamilius
581 2949 647 2999 Fici·
688 2947 856 2998 metricorum
877 2948 1063 2996 elementorum
1086 2950 1222 2997 tractatio·

118 3037 167 3071 uus
189 3024 246 3086 ejus
262 3025 401 3087 interpres,
421 3024 489 3088 qnod
510 3033 538 3073 ut
554 3025 580 3072 ia
600 3025 648 3074 boc
688 3037 747 3071 nem
759 3023 904 3085 suscepisse
917 3022 1028 3070 Procles
1045 3020 1158 3071 affirmat
1177 3023 1220 3073 liba

118 3097 201 3147 solido
212 3099 347 3147 duodecim
366 3105 427 3147 suat
441 3107 594 3164 pentagona.
607 3115 648 3148 su·
689 3110 721 3146 rr.
743 3096 796 3146 ὅθεν
809 3097 840 3155 δὴ
849 3095 888 3145 nul
899 3098 942 3154 τῆς
953 3095 1079 3157 συμπάσης
1095 3098 1221 3160 στοιχειό·

118 3172 249 3236 perficies,
269 3175 306 3223 ita
327 3181 355 3222 et
381 3174 518 3223 duodecinr
541 3183 601 3225 sunt
622 3176 647 3224 iu
689 3190 748 3224 reor
757 3173 829 3223 τέλος
838 3172 1003 3237 amauricum
1013 3173 1169 3237 (Εὐκλείδης)
1177 3173 1221 3232 τὴν

119 3249 185 3298 caelo
203 3249 277 3311 signa
296 3248 413 3311 Zodiaci,
429 3264 538 3312 quorum
557 3265 648 3299 unum·
688 3251 737 3296 τῶν
751 3248 902 3310 καλουμένων
910 3251 1071 3298 Πλατωνικῶν
1087 3249 1220 3312 σχημάτων

119 3324 650 3389 quodqueintrigintagradusresolvitur,
690 3325 816 3374 σύστασιν.

119 3407 149 3448 ut
160 3407 187 3449 et
199 3397 349 3463 superficies
362 3399 547 3460 pentagonum
560 3399 650 3461 trigiu·
723 3403 730 3433 ¹
744 3401 858 3449 Mobiiem
866 3401 1000 3464 pyramidis
1003 3399 1109 3458 somnam
1117 3401 1171 3463 igni
1180 3405 1220 3452 de-

121 3483 149 3525 ta
168 3477 317 3540 triangulos,
335 3474 365 3522 iis
382 3475 486 3530 similes,
504 3475 536 3524 de
557 3477 649 3539 quibus
689 3475 737 3538 dit]
754 3478 833 3526 Plato
845 3477 950 3538 ibidem,
970 3476 1000 3524 ri
1010 3475 1108 3536 μὲντῆς
1125 3479 1220 3541 πυραμί-

119 3566 207 3613 supra·
240 3551 334 3600 Ductis
352 3551 420 3599 euim
432 3566 447 3598 a
458 3549 548 3612 figurae
559 3559 648 3602 centro
689 3553 728 3601 ior
744 3551 841 3615 στερεὸν
862 3551 963 3613 γεγονὸς
984 3551 1044 3602 eibos
1065 3553 1138 3618 πυρὸς
1154 3572 1219 3602 cror-

120 3627 153 3675 ad
173 3627 286 3689 singulos
306 3628 412 3689 angulos
431 3627 514 3689 lineis,
537 3628 648 3692 quinque
689 3630 757 3690 χεῖον
772 3627 811 3678 καὶ
825 3628 925 3692 σπέρμα.
960 3630 1039 3679 Certe
1058 3633 1221 3694 experientia

119 3701 266 3753 efficiuntur
285 3703 418 3766 trianguli,
444 3719 552 3767 quorum
571 3720 649 3754 unas·
690 3711 792 3755 constet
811 3706 872 3754 uitri
890 3707 1039 3769 particulas,
1057 3706 1133 3769 cujus
1148 3714 1221 3757 tauta

120 3779 237 3843 quisque,
252 3785 282 3828 ut
290 3779 345 3841 jam
357 3779 422 3838 dixi,
433 3779 458 3827 in
469 3794 515 3828 sex
528 3780 592 3829 alios
605 3781 649 3830 tri·
690 3779 716 3828 iu
727 3782 891 3844 corripiendo
903 3781 964 3844 igne
981 3782 1113 3846 celeritas,
1124 3789 1152 3832 et
1162 3798 1221 3832 cor·

119 3855 226 3916 angulos
235 3855 360 3917 oblongos
372 3854 553 3904 subdividitur.
571 3857 649 3907 Errat
690 3865 774 3922 repta,
787 3859 825 3906 vis
842 3865 892 3919 est,
902 3857 1071 3922 pyramidalis
1089 3873 1146 3908 esse
1157 3858 1221 3924 figa-

119 3934 206 3977 tsmen
224 3931 306 3980 Mars.
325 3930 439 3994 Ficiuus,
458 3946 515 3981 cum
528 3932 648 3996 aitquin·
689 3949 735 3983 rae.

120 4005 326 4067 querriaugulos,
338 4006 436 4071 inques
449 4006 574 4057 dividitur
585 4022 648 4071 pen·
721 4017 732 4043 *¹
750 4010 784 4058 Et
800 4008 908 4058 oolabllis
927 4007 1042 4072 [mobilis]
1064 4023 1133 4071 aqua
1143 4010 1220 4059 sinri-

121 4081 496 4146 tagonum,esseaequilateros.
515 4083 647 4132 Hoceniru
688 4083 746 4147 tior]
762 4084 814 4134 Ms.
824 4084 932 4149 ,Tbuem
949 4090 973 4134 et
988 4085 1106 4148 volubilis,
1125 4087 1220 4136 melius

119 4154 296 4206 tautummodo
307 4168 397 4206 rerum
408 4156 486 4206 estin
497 4157 649 4222 hexagonis,
688 4158 722 4212 de
733 4158 817 4226 Aqua,
829 4165 856 4209 et
867 4158 951 4224 figura
965 4159 1021 4223 illa,
1040 4175 1115 4226 quam
1134 4162 1159 4213 ei
1175 4163 1221 4214 tri·
