2694 4710
198 301 284 370 1058
523 316 636 365 arun.
662 314 711 361 nu
736 314 852 361 noan.
875 313 985 362 euna.

197 462 336 537 sortita,³
359 460 537 543 ipsamque
565 479 697 542 semper
719 467 755 523 et
780 480 841 542 per
866 480 902 522 se
930 458 1068 537 moveri,
1084 458 1294 540 agitatrioem

197 563 347 639 aliorum,
371 581 445 644 qnae
473 568 589 624 natura
615 563 667 623 sui
689 563 829 624 immota
852 566 930 622 sunt
953 565 1054 642 atque
1080 560 1190 642 pigra.
1215 557 1294 622 -Sed

195 665 288 728 illam
302 664 475 728 coelestem
491 659 665 738 animam)¹
680 663 801 726 fontem
818 663 1002 726 animarum
1020 661 1200 738 omnium,4
1216 661 1296 742 opti·

195 784 283 828 mam
305 772 339 828 et
362 763 656 846 sapientissimam,
684 764 863 827 virtutem5
890 781 968 825 esse
984 759 1211 843 genetricem,⁶
1226 762 1297 825 sub·

195 866 321 930 servire
334 864 436 927 etiam
447 870 459 912 ⁷
472 863 666 927 fabricatori
687 865 769 940 Deo,
784 868 818 926 et
833 871 957 945 praesto
970 882 1046 926 esse
1062 866 1105 926 ad
1121 864 1241 927 omnia
1254 862 1297 924 ia·

195 970 296 1030 venta
312 965 398 1047 ejus,
412 965 625 1046 pronuntiat.8
670 965 795 1027 Verum
817 966 1041 1028 substantiam
1062 964 1184 1026 mentis
1200 962 1297 1046 hujus

196 1066 346 1131 numeris
360 1072 393 1130 et
407 1065 516 1128 modis
533 1067 652 1130 confici
662 1062 670 1100 ¹
679 1066 769 1149 [580]
783 1066 1024 1148 congeminatis
1040 1085 1080 1128 ac
1097 1064 1298 1146 multiplica·

195 1169 240 1232 tis
256 1167 463 1248 augmentis,⁹
477 1166 756 1249 incrementisque
772 1188 833 1249 per
848 1187 886 1231 se
901 1174 935 1231 et
948 1166 1161 1231 extrinsecus
1176 1165 1297 1248 partis:

194 1268 317 1332 ethius
329 1268 412 1344 fieri,
427 1275 466 1330 ut
480 1269 629 1331 musice¹
647 1268 792 1331 mundus
808 1277 843 1332 et
855 1287 977 1331 canore
994 1272 1199 1330 moveaturs
1229 1266 1297 1330 Na·

194 1375 353 1452 turasque
368 1387 474 1433 rerum
490 1369 585 1432 binas
601 1388 677 1432 esse
690 1377 723 1433 :¹¹
744 1375 778 1432 et
799 1388 914 1432 earum
928 1367 1090 1432 aiteram⁰
1115 1385 1206 1444 esse,
1223 1385 1296 1449 quae

194 1528 416 1589 diligentiamque
427 1540 580 1588 eamsemper
591 1525 689 1586 nanneni,
700 1530 724 1574 et
735 1525 862 1587 exsmpsa,
873 1528 1053 1573 commonentem
1066 1524 1124 1584 alia,
1141 1539 1196 1586 que
1213 1540 1247 1574 ea
1262 1541 1297 1574 ss·

194 1597 248 1653 apte
268 1592 363 1652 ingenio
381 1595 436 1640 sant
456 1590 554 1638 immota
576 1595 599 1637 et
621 1591 699 1638 tenua.
745 1589 816 1637 litam
837 1604 891 1637 uera
910 1589 1015 1637 animans
1036 1589 1165 1650 celestem,
1183 1590 1298 1651 arigim

194 1656 326 1703 animosam
337 1656 508 1713 anniversariam,
525 1653 645 1715 optimam,
664 1659 687 1700 et
702 1653 909 1714 sapientissimam,
925 1666 975 1700 esse
990 1652 1298 1714 pronamtceaeirsaru,

194 1718 254 1766 dicit
274 1733 361 1779 qaoque
381 1732 432 1765 eam
448 1716 565 1774 famniarrr'
588 1717 639 1764 Deo
661 1719 774 1775 creatori,
795 1722 820 1764 et
839 1723 950 1778 paratam
969 1730 1017 1764 esse
1035 1716 1166 1764 adomnia
1188 1717 1240 1776 ejas
1260 1733 1296 1764 ea·

194 1781 309 1842 cogitata.
348 1781 396 1828 Ast
419 1781 578 1827 substantiam
602 1780 671 1838 nepae
692 1781 778 1827 »nentis
798 1780 898 1842 conflari
914 1781 1040 1827 secundnm
1056 1794 1166 1828 nurneros
1182 1785 1206 1828 et
1224 1782 1297 1829 marius

194 1844 320 1908 duplicatis
338 1849 362 1892 et
380 1843 544 1905 mattiptieatr's
562 1843 678 1901 curabas,
694 1849 764 1904 atque
774 1843 926 1897 incrementis
935 1844 1078 1904 comparatis
1089 1857 1133 1904 per
1144 1859 1171 1892 se
1186 1850 1209 1892 et
1220 1845 1298 1893 aaa·

192 1911 312 1958 trinsecus
328 1913 399 1970 atque
409 1909 465 1956 inde
475 1907 543 1971 effici,
555 1913 582 1956 at
593 1907 656 1956 orbis
666 1913 759 1955 rotetur
769 1908 856 1956 musice
867 1912 891 1955 et
901 1921 994 1956 canore.
1029 1907 1142 1970 Duasque
1161 1923 1214 1957 esse
1232 1914 1296 1957 nata·

653 2033 834 2053 nomnen&

194 2119 256 2166 Bas.
269 2131 321 2165 sec.
335 2123 362 2165 et
373 2118 447 2166 Caiv.
461 2123 533 2166 extat
544 2117 669 2177 imperare.
704 2118 803 2166 Eadem
816 2115 1031 2166 confusionum.
1048 2115 1081 2163 de
1098 2114 1170 2164 Phil.
1184 2116 1254 2166 Mor.
1266 2130 1290 2180 p.

189 2186 250 2229 598.
267 2188 295 2229 et
315 2181 424 2242 sapius:
442 2181 487 2227 sed
507 2181 541 2226 ibi
558 2181 623 2227 nass.
644 2194 747 2243 qnoque
764 2181 918 2242 imperitare:
935 2186 964 2228 ut
981 2186 1009 2228 et
1029 2195 1054 2242 p.
1065 2183 1123 2228 023.
1140 2180 1292 2246 ‘imperitet

193 2242 376 2292 marturadiaiz’
394 2252 420 2291 et
442 2258 467 2306 p.
487 2246 544 2290 624.
569 2244 629 2305 ‘qai
648 2244 809 2304 imperitet:’
825 2245 858 2292 ale
878 2245 927 2292 troc
947 2243 1027 2292 verbo
1048 2243 1121 2304 piare
1139 2243 1203 2292 vide
1225 2243 1296 2308 apati

194 2307 288 2356 Heius.
301 2308 331 2354 ad
343 2307 389 2355 Sit.
402 2321 420 2355 1.
436 2311 494 2355 295.
524 2307 619 2354 Plato:
638 2306 750 2354 δεσπότιν
764 2307 802 2356 nai
813 2306 937 2370 ἄρξουσαν.
956 2309 1071 2355 Ossae-8
1088 2307 1294 2371 Diligentiamque

192 2377 281 2420 senata.
298 2373 367 2420 Num
380 2373 475 2434 potius,
487 2372 589 2418 sortita?
606 2371 721 2420 Coivius.
758 2373 836 2420 Basti.
849 2379 872 2420 1.
890 2371 950 2420 Ata.
967 2379 995 2419 et
1014 2371 1088 2418 Rom·
1106 2377 1205 2420 secuta:
1222 2373 1296 2420 araia·

194 2436 305 2484 Eirnmir.
339 2435 433 2485 Sortito
445 2436 509 2484 Mss.
522 2442 551 2483 nt
561 2449 592 2480 es
605 2434 709 2495 ingenio
722 2435 794 2486 Cciv.
808 2436 874 2484 Eud.
888 2446 948 2484 ante
959 2435 1067 2482 Vuiran.
1080 2434 1113 2482 0.
1123 2440 1214 2485 secata.
1241 2437 1292 2498 'ly-

194 2500 319 2563 pographi
338 2515 424 2548 errore
445 2499 494 2547 Ed.
514 2498 583 2546 Scai.
601 2500 710 2547 sortitus.
743 2501 835 2548 Statim
849 2514 895 2562 pro
905 2513 983 2560 perse
1000 2497 1171 2561 Bened.ipse.
1191 2500 1294 2549 uad.-

192 2568 208 2613 4
226 2565 300 2613 Harr.
311 2565 387 2614 Voss.
401 2562 499 2611 Bened.
512 2561 560 2608 Ed.
569 2561 585 2611 J
589 2570 643 2610 rant.
659 2571 725 2623 post.
735 2565 830 2622 fantem
841 2565 973 2611 animarum
985 2563 1087 2610 omnium
1103 2563 1222 2612 aoekstem
1241 2563 1292 2612 ani·

192 2643 261 2675 amm.
298 2627 396 2676 Bened.
412 2630 461 2688 opt.
471 2625 571 2686 sapient.
583 2625 638 2674 sine
649 2628 686 2686 aqi
696 2631 729 2674 et.
747 2627 837 2675 Id.-s
855 2627 955 2675 Bened.
969 2626 1035 2674 Eud.
1049 2625 1291 2676 erasmianam.

191 2679 322 2738 uirtutum:
340 2691 415 2738 maie.
448 2691 510 2751 Ipsa
528 2691 613 2736 aniana
634 2697 674 2736 est
698 2691 780 2739 virtus
799 2692 927 2752 genetrix.
950 2691 1037 2739 ran-e
1054 2688 1097 2737 ΑΙ.
1108 2690 1294 2749 genitricem.-

191 2758 207 2802 7
225 2756 319 2802 Exnrlat
333 2755 364 2802 ab
375 2753 441 2801 Edd.
453 2759 514 2801 ante
526 2754 633 2801 Vuicaa.
653 2755 770 2803 Orrd.-·8
788 2754 893 2803 Eaedem
906 2754 1048 2802 aanauatint:
1066 2759 1093 2800 et
1112 2767 1173 2800 aaron
1186 2755 1248 2814 ejus
1267 2768 1293 2802 ro

191 2817 268 2877 huius.
287 2819 377 2866 Ira-a
395 2816 556 2877 Argumentis.
574 2817 733 2878 Augumentis
744 2820 812 2879 leun,
824 2819 865 2866 vei
876 2819 1017 2878 augmentis·
1035 2816 1168 2864 Bnautius.
1204 2818 1238 2866 nt
1259 2832 1293 2878 ns,

192 2883 346 2942 argumentis,
357 2891 488 2944 corrupte.
506 2881 614 2928 Etnreain.
649 2881 791 2941 Augmmtis
812 2883 875 2930 Mss.
897 2883 965 2930 Edd.
985 2883 1060 2929 Rom.
1078 2882 1137 2929 Vic.
1149 2883 1230 2931 Vuic.
1247 2882 1294 2931 &e

192 2946 343 3006 augementis
353 2945 427 2996 iant.
437 2952 503 3008 post.
514 2959 572 2992 curn
586 2946 705 2993 tiranno.
737 2945 895 3008 Argumentis
915 2948 1004 3008 inepto
1017 2945 1084 2993 aliae.
1104 2947 1219 2995 Oua-l
1239 2947 1294 2995 Ms-

689 3058 798 3108 NOTAE

192 3169 280 3213 paros:
293 3151 333 3198 ‘id
341 3150 420 3213 igitur
428 3151 604 3214 admittamus,
613 3151 723 3201 animam
763 3154 918 3216 compendio
931 3153 956 3201 in
969 3154 1094 3201 Timaeum
1106 3168 1121 3200 a
1133 3166 1193 3214 cap.
1206 3156 1248 3202 26.
1265 3151 1295 3199 sd

193 3241 300 3291 corpore
311 3225 483 3289 antiquiorem
494 3228 568 3275 esse’
763 3243 821 3290 cap.
833 3233 875 3277 86.
901 3229 952 3278 Ms.
971 3229 1072 3276 Tiausa.
1091 3241 1138 3289 pro
1156 3241 1239 3275 aarum
1256 3227 1295 3274 hie

226 3300 303 3372 “Qec
320 3300 389 3348 iiiam
407 3301 521 3348 eoekstem
541 3301 652 3359 animam,
670 3301 724 3365 tre]
762 3305 841 3353 habet
852 3306 923 3354 sm.

192 3378 233 3427 De
242 3376 392 3447 h'ao'Anima
401 3376 583 3438 intelligendus
592 3377 724 3441 Virgilius,
796 3388 813 3414 ¹³¹
834 3381 868 3428 Ut
885 3380 973 3428 musice
989 3380 1087 3427 mundus
1102 3383 1126 3426 et
1146 3393 1232 3427 canore
1249 3393 1295 3426 mo·

193 3451 295 3501 AEneid.
308 3465 347 3500 va.
363 3451 511 3512 ‘Principio
527 3452 618 3500 eoelum
630 3468 661 3502 ac
674 3460 723 3503 ter·
762 3454 857 3516 oeatar]
883 3455 1017 3503 videndus
1039 3454 1128 3514 Pisto,
1150 3453 1176 3501 in
1201 3454 1295 3517 Epino·

191 3541 244 3588 ras,
256 3540 410 3590 camposque
422 3526 558 3588 liquentes,
569 3527 723 3577 Lucentem·
763 3531 844 3580 mide.
1293 3551 1295 3555 ’

192 3616 243 3666 qne
263 3601 366 3663 giobram
386 3602 474 3661 Lunae,
487 3601 638 3666 Titaniaque
652 3610 723 3652 astra
796 3607 976 3668 ¹¹Nutnraaqne
992 3619 1071 3654 rerum
1087 3604 1154 3653 irisan
1170 3619 1229 3661 esse,
1243 3602 1297 3666 tra}

192 3677 306 3739 Spiritus
326 3676 396 3724 intus
412 3677 467 3736 alit,
485 3682 618 3740 totamque
639 3677 725 3727 infusa
763 3681 858 3744 Sapra,
868 3687 875 3709 ⁶
886 3681 929 3731 τὰς
940 3679 1029 3742 eiciar,
1041 3694 1104 3743 quas
1117 3682 1246 3728 esseuuss
1257 3679 1295 3728 ai·

193 3766 240 3816 per
248 3758 318 3799 artus
328 3751 404 3799 Mens
413 3752 496 3813 agitat
504 3754 607 3816 malurn,
615 3760 643 3802 et
651 3768 722 3817 mag·
764 3757 855 3816 cinnas,
863 3755 925 3805 duas
935 3770 993 3804 esse
1003 3757 1053 3804 sit:
1068 3768 1115 3816 pen
1124 3769 1189 3817 quas
1201 3763 1295 3803 cuncta

191 3843 225 3877 no
237 3843 265 3878 se
277 3841 386 3890 corpore
398 3826 510 3876 miscet!
763 3833 909 3896 gignantur,
921 3832 1087 3894 itiarndasque
1099 3829 1168 3892 ipse:
1187 3843 1294 3893 quaram

223 3907 231 3939 ¹
251 3909 339 3958 Verum
360 3908 516 3956 substantiam
547 3907 634 3955 mentis
655 3907 723 3967 initas
764 3923 813 3956 nna
829 3909 988 3969 cogitatione
1005 3908 1062 3954 sela
1078 3903 1241 3966 correipitar:
1261 3904 1295 3956 sl·

192 3985 295 4033 numeris
308 3983 333 4034 et
346 3985 421 4034 modis
437 3983 531 4050 conflet]
550 3983 636 4034 Laert.
647 3982 724 4048 ἀρχήν
763 3991 819 4032 tera
831 3983 946 4031 sernibas
957 3982 1051 4043 subjici
1064 3979 1170 4044 potest,'
1182 3983 1232 4030 tce.

193 4077 221 4110 re
233 4059 298 4122 ἔχειν
308 4061 465 4124 ἀριθμητικήν.
494 4061 611 4110 ‘Animae
621 4061 723 4110 initium
795 4059 851 4107 ⁰Et
863 4058 1059 4118 earnmatteram,
1070 4056 1124 4120 tra]
1137 4055 1245 4104 Maiiam
1257 4055 1296 4104 sis

194 4144 313 4187 constare
329 4138 459 4188 numeris.'
482 4138 549 4186 Vide
566 4138 650 4186 Mars.
667 4137 726 4186 Fica
764 4135 905 4198 scriptam:
925 4134 958 4184 Et
968 4148 1049 4183 aarum
1059 4133 1161 4181 atteram
1173 4145 1235 4196 ense,
1244 4144 1296 4195 qna
