2694 4710
118 301 203 366 tooo
436 315 549 363 aaut.
575 315 623 362 nn
650 313 765 361 nonu.
791 314 900 364 enar.
992 315 1000 324 ·

117 463 349 530 retrocessus,⁷
365 455 567 521 dexterioris
583 476 624 521 ec
640 456 774 533 sinistri,
790 477 920 522 sursum
935 458 1035 522 etiam
1049 457 1221 522 deorsum·

119 557 208 641 que⁸
233 556 417 636 nitentium,
431 565 465 623 et
480 579 557 642 quae
572 560 607 621 in
621 577 738 642 gyrum
754 560 996 642 circuitumque
1012 567 1221 642 torquentur,

117 677 179 723 sex
191 658 422 740 superioribus
442 662 601 737 remotis,⁹
620 662 693 726 baeo
716 681 785 724 una
808 660 932 724 mundo
959 660 1077 725 relicta
1099 667 1154 725 est
1169 681 1222 725 sa·

119 760 253 845 pientiae
278 765 313 825 et
337 760 548 844 prudentise¹
572 763 720 845 propria,
744 770 783 826 ut
805 763 1049 827 rationabiliter
1070 763 1224 828 volvere-

118 857 204 927 turi
247 863 293 926 Et
307 863 397 927 huno
413 863 546 944 quidem
560 865 721 928 mondum
738 885 828 928 nunc
842 865 913 928 sine
926 863 1022 927 initio
1035 883 1112 927 esse
1122 865 1222 929 dicit:

119 966 206 1032 alies
223 965 380 1046 originem
395 964 533 1043 habere,
548 973 733 1048 natumque
749 985 844 1030 esse:
866 966 995 1029 nudum
1018 973 1137 1029 autem
1151 966 1223 1049 ejus

119 1066 317 1133 exordium²
342 1071 443 1148 atque
458 1066 593 1130 initium
607 1086 699 1143 esse,
714 1067 792 1130 ideo
807 1068 900 1150 quod
913 1075 923 1114 ³
939 1086 1072 1150 semper
1085 1066 1224 1132 fuerim*

118 1169 266 1232 nativum
281 1184 370 1247 ¹vero
386 1165 503 1245 videri,
526 1163 639 1250 quod‘
660 1187 704 1232 ex
728 1167 781 1231 his
797 1170 900 1232 rebus
915 1171 1020 1233 totius
1033 1169 1224 1233 substantia

120 1381 159 1429 sis
169 1386 193 1430 et
204 1382 358 1443 regressionis
367 1383 399 1430 ud
409 1384 527 1437 dextram,
537 1383 602 1431 etad
612 1381 747 1441 simistrum
756 1395 835 1430 eorum
845 1397 898 1444 que
908 1381 1008 1430 tendunt
1019 1395 1113 1429 sursum
1123 1386 1148 1428 et
1159 1382 1223 1428 deer-

120 1460 181 1500 sum,
190 1451 215 1495 et
225 1461 304 1494 eorum
315 1462 367 1508 quoe
377 1452 501 1495 renuatur
512 1448 538 1494 io
549 1446 705 1507 arteriaeque
715 1445 835 1495 ambitum.
872 1445 975 1494 Omissis
984 1459 1027 1494 sex
1033 1445 1167 1506 prioribus,
1176 1444 1225 1491 tac

120 1510 170 1558 sols
178 1510 312 1572 progressio
322 1525 430 1559 concessu
440 1516 476 1560 est
487 1511 547 1570 orbi,
553 1515 633 1571 tripete
644 1523 776 1569 coamens
785 1510 909 1572 sapienties
918 1515 940 1558 et
948 1509 1093 1571 prudentie,
1101 1514 1130 1557 set
1137 1507 1226 1557 sunu

122 1577 243 1624 rotaretur
253 1579 318 1624 certo
329 1577 428 1623 ratione.
462 1575 498 1622 Et
509 1576 601 1636 quidem
612 1576 680 1622 modo
690 1573 727 1622 uit
744 1574 804 1621 butte
823 1573 902 1622 orbem
918 1585 1000 1622 carere
1010 1571 1140 1634 principio,
1160 1571 1224 1620 mode

121 1651 174 1684 eum
185 1639 268 1686 babere
277 1639 430 1700 minantum,
441 1644 465 1687 et
474 1643 552 1685 ortum
563 1636 656 1696 fnisse:
673 1638 762 1685 nulium
773 1643 850 1685 ratem
860 1638 912 1686 ides
923 1652 971 1686 esse
982 1637 1032 1696 eius
1046 1636 1191 1698 principium
1202 1639 1224 1682 st

121 1705 207 1764 ortum,
217 1703 325 1764 quonium
336 1717 453 1764 nunquam
462 1717 508 1750 oon
520 1702 644 1751 extiterit:
660 1701 738 1749 sideri
754 1716 808 1749 uero
825 1707 907 1750 uotum
918 1702 1010 1761 fuisse,
1025 1700 1081 1762 quio
1097 1706 1188 1750 nutura
1202 1703 1223 1746 et

573 1842 754 1862 mnmun

122 1954 179 1989 esse
195 1954 236 1988 rue
254 1941 354 1989 monnit
365 1942 397 1990 V.
411 1941 450 1991 Cl.
464 1942 581 2004 Lennep.
597 1943 625 1990 J.
639 1940 803 1990 Bersiba-⁷
829 1941 871 1989 sie
890 1940 963 1989 Leid.
979 1942 1006 1989 e‘t
1020 1940 1100 2016 Besil.
1113 1944 1139 1989 2.
1156 1940 1224 2015 Flos.

119 2009 346 2119 institut.
362 2005 804 2135 .ll“¹.·.⁶,¹,‘.³¹‘l¹ltltt?⁸tl⁸tu
820 2005 1114 2132 illtlll.‘⁸ll}·...it.⁰
1125 2003 1225 2116 illl:

123 2135 200 2182 Voss.
211 2148 269 2181 cum
283 2134 396 2182 Florent.
406 2148 503 2196 prorsus
513 2139 537 2181 et
545 2149 567 2180 r.
584 2132 685 2181 Bened.
695 2146 793 2195 prorsus
808 2146 927 2194 processus
937 2135 998 2196 quod
1012 2139 1068 2181 onte
1084 2137 1107 2180 et
1127 2137 1194 2180 retra
1211 2145 1224 2178 e

124 2197 225 2246 Glossn.
260 2196 300 2243 De
312 2197 367 2244 eliis
379 2197 462 2245 Codd.
481 2204 572 2244 tacent
584 2198 638 2244 Viri
654 2197 742 2244 Docti.
778 2196 818 2244 An
837 2212 932 2258 prorsus
950 2201 1090 2258 processust
1108 2202 1224 2258 utsupra

123 2266 245 2321 ‘prorsus
257 2259 360 2308 ctrstos'
377 2261 410 2308 de
420 2261 477 2308 Deo
488 2261 561 2308 Socr.
573 2274 599 2321 p.
611 2264 668 2308 ool.
680 2260 725 2308 ubi
737 2261 804 2309 vide.
826 2263 938 2309 oid-8
954 2262 999 2309 Sic
1009 2276 1024 2308 e
1035 2261 1151 2309 Floreat.
1161 2261 1225 2308 Etru.

123 2328 173 2373 &c
192 2322 277 2371 Antea
289 2324 365 2386 vrrlgo
377 2329 400 2372 et
411 2326 527 2372 demeum.
563 2324 639 2372 Harl.
649 2325 724 2372 Voss.
742 2324 790 2373 Ed.
810 2325 884 2374 Jnnt.
904 2333 972 2386 post.
982 2324 1054 2373 etism
1064 2327 1224 2384 deorsumque.

123 2388 214 2436 Recte.
234 2387 333 2436 Bened.
352 2390 501 2449 deorsumque
520 2389 600 2437 ettam.
617 2387 777 2437 1o.-oSex
796 2403 876 2452 snper.
895 2404 953 2438 rem.
978 2390 1077 2438 Carent
1096 2388 1138 2435 bis
1159 2386 1225 2437 Edd.

122 2452 302 2500 anteancen.
321 2466 418 2514 prave.
441 2452 509 2502 Vide
527 2453 629 2502 Platon.
645 2452 671 2500 in
688 2453 786 2501 Timaeo
805 2467 830 2514 p.
844 2456 916 2501 tout.
935 2454 1022 2501 ld.-·l
1040 2453 1145 2499 Vitiose
1157 2450 1224 2499 Edd.

123 2516 196 2565 Colv.
209 2512 235 2565 e't
248 2516 308 2566 Bss.
320 2524 381 2566 tert.
393 2516 510 2580 supientia
520 2521 543 2564 et
551 2517 697 2580 prudentio:
714 2524 743 2565 ut
755 2517 821 2565 vidit
833 2517 910 2564 etiam
923 2517 1035 2564 Goesins
1046 2516 1072 2563 in
1085 2529 1170 2576 marg.
1188 2514 1223 2562 Id.

89 2616 93 2623 .
122 2585 170 2628 -2
187 2579 271 2628 Abest
281 2581 331 2640 ejus
348 2582 476 2629 aBened.
494 2581 581 2628 [ιλ-3
600 2581 643 2629 Sic
663 2581 723 2628 Bas.
740 2586 765 2629 2.
799 2581 865 2628 Aliae
878 2595 976 2640 omnes,
987 2581 1092 2640 ideoque.
1111 2579 1225 2628 Colvins.

122 2644 222 2693 Bened.
232 2644 284 2692 ideo
297 2645 361 2707 quio.
395 2645 463 2693 Edd.
475 2651 536 2693 onte
548 2645 608 2692 Bes.
620 2657 673 2693 sec.
684 2644 798 2707 ideoque:
817 2645 892 2692 male.
927 2645 1022 2693 Statim
1040 2658 1088 2707 pro
1102 2645 1164 2705 quod
1176 2643 1225 2690 Be·

627 2770 732 2820 NOTAE

155 2868 167 2902 ἃ
187 2868 337 2934 Volneretur]
360 2868 412 2917 Ms.
432 2868 530 2918 Tbusn.
547 2882 650 2917 mouere·
692 2875 789 2925 narrat,
808 2868 904 2927 rrrnltis,
926 2881 977 2917 non
999 2865 1080 2914 fuisse
1104 2880 1223 2929 semper:

123 2950 170 2993 tur.
692 2943 738 2991 sed
759 2943 992 3004 interpretantibus
1009 2943 1147 3002 Crantore,
1166 2943 1225 2990 Plo-

155 3021 280 3069 ⁰Nuilum
296 3027 375 3070 uestem
393 3021 444 3082 ejus
462 3021 593 3079 exordium,
612 3020 651 3079 irc·
693 3018 757 3081 tino,
768 3020 924 3083 Porphyrio,
938 3018 1090 3074 Iamblicho,
1102 3018 1225 3073 Proculo,

123 3103 193 3160 atque
203 3097 298 3146 initium
308 3099 424 3159 ciceides
434 3099 495 3160 quod
505 3095 653 3159 semperfue·
693 3103 720 3146 et
733 3096 864 3160 plerisque
879 3097 946 3158 aliis,
958 3110 1059 3158 semper
1070 3095 1174 3159 quidem
1186 3093 1224 3142 fu·

122 3172 169 3234 rit]
193 3173 252 3221 Non
273 3174 320 3223 boc
337 3174 419 3237 ipsum
437 3173 517 3221 habet
533 3173 610 3221 Puro
627 3171 652 3218 iu
693 3175 753 3236 isse,
765 3183 792 3224 et
812 3174 890 3223 fuisse
908 3189 1011 3237 semper
1031 3188 1045 3221 a
1062 3174 1130 3235 Deo,
1149 3173 1225 3222 immo

122 3249 237 3298 Timaeo:
255 3248 301 3298 sed
315 3255 415 3299 tentum
430 3250 514 3299 Deum
526 3248 552 3296 in
564 3260 653 3296 crean-
693 3249 808 3300 fluxisse.
850 3251 933 3300 Deum
956 3249 1024 3299 eninr
1048 3263 1152 3312 semper
1171 3262 1225 3297 esse

124 3325 157 3374 do
180 3325 274 3375 mundo
296 3332 411 3374 secutum
438 3338 495 3374 esse
519 3323 653 3384 exemplar
694 3327 916 3376 aiontrmundum
933 3341 995 3375 vero
1010 3324 1067 3374 fieri
1085 3339 1188 3387 semper
1200 3330 1227 3371 et

124 3402 319 3465 sempiternum.
340 3414 390 3450 ⁰⁰¹¹
416 3407 503 3449 tutem
529 3399 652 3461 genitum·
692 3401 839 3459 fluererac,
848 3402 869 3450 si
879 3402 952 3452 initio
961 3400 1226 3462 temporiscarentem

125 3478 334 3528 Quidamtamen
353 3475 468 3525 Platonis
485 3476 653 3536 interpretem
693 3476 908 3538 consideraveris,
925 3477 1065 3538 ingenitum
1082 3473 1137 3522 dici
1154 3488 1226 3522 mun·

124 3559 194 3601 teste
210 3552 328 3600 Mamilio
343 3549 652 3613 Ficino,muudnmsem·
694 3551 769 3600 dum:
788 3552 827 3600 sin
848 3558 935 3601 autem
955 3556 1112 3614 perpetuum
1131 3564 1148 3597 a
1166 3551 1225 3598 Deo
1254 3596 1260 3607 Ι

124 3629 253 3691 piternnm
274 3627 404 3683 dixerunt,
425 3626 516 3691 quibos
538 3631 653 3674 nostrum
694 3627 750 3690 ejus
761 3625 893 3689 effluxum,
910 3627 1012 3676 assidue
1031 3625 1162 3689 genitum:
1181 3638 1225 3672 ne·

114 3702 263 3773 'Apuleium
280 3702 422 3764 adjnugere
434 3713 576 3764 possumus.
610 3698 653 3746 Sic
694 3703 838 3766 queminus
851 3718 883 3751 ex
893 3704 952 3751 Deo
965 3702 1089 3764 pendere,
1099 3703 1118 3748 si
1129 3700 1225 3763 depen-

124 3792 203 3842 porro
222 3778 303 3827 babet
325 3779 429 3826 Fieinus
448 3791 507 3839 cop.
527 3779 566 3825 lt.
587 3789 654 3824 com·
695 3778 763 3828 derit
782 3779 947 3841 pendeatque
973 3791 1084 3839 semper,
1105 3790 1183 3839 quom
1205 3774 1227 3824 si

124 3855 212 3918 pendii
223 3855 249 3904 in
260 3854 382 3904 'limarum
394 3871 399 3900 :
418 3853 464 3902 ‘Si
477 3851 534 3916 quis
545 3852 651 3901 interro·
696 3853 832 3918 aliqnando
844 3853 953 3917 coeperit
962 3850 1121 3917 dependere,
1129 3851 1172 3900 rel
1183 3849 1226 3899 de·

126 3936 171 3993 flet
181 3930 303 3996 numquid
316 3929 385 3994 apud
395 3928 534 3978 Platonem
545 3927 655 3976 mundus
696 3928 782 3978 sinat!

125 4005 206 4056 fuerit
216 4008 403 4070 sempiternus:
417 4005 573 4070 Respondes
585 4007 655 4070 equi·
728 4002 875 4052 fNotitiam
896 4019 951 4052 cero
974 4003 1060 4064 videri,
1081 4004 1153 4065 quod,
1174 3999 1228 4066 dm]

126 4081 389 4145 dem,interpretibns
400 4083 508 4144 Severo,
520 4082 655 4144 etAttico,
697 4079 792 4128 Plato:
809 4078 917 4140 γέγονεν·
938 4079 1020 4143 ὁρατὸς
1038 4078 1093 4142 γὰρ,
1111 4077 1185 4128 ἁπτός
1198 4075 1228 4126 τέ

128 4164 156 4207 et
175 4157 326 4220 Plutarcho,
342 4158 460 4222 aliisque,
476 4162 506 4207 ut
528 4158 655 4208 Proculus
696 4157 758 4221 ἐστι,
767 4154 807 4205 καὶ
817 4152 883 4216 σῶμα
893 4154 963 4217 ἔχων.
981 4155 1111 4212 ‘Genitos
1122 4160 1179 4204 est:
1189 4153 1227 4202 ri·
