2694 4710
349 283 423 331 urs.
447 285 472 330 1.
495 282 581 332 srvu
607 285 655 331 os
680 281 826 332 rrrruos.
849 281 994 332 nurus.
1133 267 1218 334 1017

121 432 211 506 sunt,
226 434 384 490 eruntve:
406 446 468 492 nee
490 447 592 511 posse
613 426 770 511 amplius,
794 445 892 508 quam
918 426 1120 507 singularum
1142 445 1219 509 spe·

120 530 245 593 dierum
260 529 410 610 singulas
425 530 586 610 imagines
600 530 635 594 in
649 529 896 610 exemplaribus
913 528 1072 592 inveniri:
1087 528 1219 608 gignen-

120 630 270 710 tiumque
294 630 466 707 omnium,e
488 631 531 694 ad
553 630 660 693 instar
678 649 775 705 ceree,
790 628 914 691 formas
930 636 963 693 et
978 627 1219 708 figurationess.

122 749 168 792 ex
190 729 249 793 illa
272 730 527 815 exemplorum⁶
551 732 773 813 impressione
798 731 931 812 signari.
978 727 1109 801 οὐσίας,7
1132 750 1219 812 quas

122 829 288 899 essentias
312 829 408 914 [574]
431 831 586 908 dicimus,
611 833 695 895 duas
718 850 803 913 esse,
826 831 893 894 ait:
916 851 976 912 per
997 851 1084 913 quas
1099 838 1221 895 cuncta
1290 846 1292 850 ⁴

121 933 309 1015 gignantur,
325 932 533 1015 mundusque
549 933 642 1015 ipse:
666 952 802 1015 quarum
819 951 886 996 una
902 932 1125 1014 cogitationed
1147 936 1220 1000 sola

100 1032 327 1114 'concipitum
352 1034 622 1112 altemsensibus
637 1033 782 1116 subjiei⁸
798 1040 922 1116 potest.
967 1034 1033 1098 Sed
1049 1035 1119 1113 illa,
1143 1055 1220 1118 quae

118 1135 239 1198 mentis
262 1134 371 1199 oculis
395 1136 693 1218 comprehenditur,
716 1121 847 1219 semper
861 1142 894 1199 et
909 1135 1027 1199 eodem
1043 1136 1167 1215 modo,²
1187 1146 1222 1202 et

120 1235 173 1297 sui
187 1254 246 1316 pur
260 1252 300 1298 ao
317 1234 459 1299 similis⁹
483 1222 590 1300 inven‘
676 1242 710 1299 et
731 1255 807 1319 quse
824 1256 901 1300 vere
926 1237 996 1301 sit.¹
1041 1235 1090 1301 At
1109 1239 1220 1301 enimi

118 1334 225 1398 alteru
253 1335 413 1416 opinione
441 1337 597 1401 sensibili
618 1342 651 1402 et
679 1338 899 1404 irrationabili
930 1338 1129 1403 aestimanda
1157 1346 1220 1418 est,

120 1453 221 1522 quam
236 1437 331 1502 nasci
353 1443 387 1501 et
410 1438 545 1503 interire
559 1439 618 1505 eit.
665 1439 718 1517 Et,
741 1439 849 1503 sicut³
875 1441 1026 1523 superior
1043 1460 1119 1504 vere
1142 1460 1221 1505 esse

120 1649 217 1708 sepau,
228 1665 277 1699 esse
293 1651 435 1715 exemplario
454 1666 533 1700 rerum
551 1666 608 1714 qum
614 1658 678 1721 spat,
689 1657 732 1701 erut
751 1657 830 1713 eruut,
840 1658 864 1700 et
880 1652 905 1700 ir
921 1652 971 1701 iltis
988 1651 1160 1715 exemplaribus
1175 1664 1221 1698 mn

118 1727 188 1780 posse
198 1714 298 1774 reperiri
305 1715 359 1776 plur
371 1731 441 1778 quem
448 1731 519 1765 uuum
527 1715 865 1778 simulacrumurriuscujusque
875 1717 972 1780 speciei:
989 1716 1111 1774 etsermus
1120 1715 1221 1779 defigu-

119 1789 162 1824 rus
179 1776 282 1825 emnium
304 1793 357 1839 quoe
376 1785 531 1842 generamur,
544 1795 589 1842 per
606 1776 700 1830 mudum
718 1781 877 1840 cerae,mtari
895 1781 1032 1844 ehdruetere
1049 1780 1222 1829 animarum.

120 1839 195 1888 Dicit
210 1842 269 1889 duas
279 1855 329 1889 esse
346 1843 499 1899 substuutius,
510 1858 568 1905 quus
578 1844 620 1891 ires
629 1858 737 1892 vorurnus
747 1845 874 1892 essentias:
891 1859 990 1907 quinem
1006 1859 1048 1907 ope
1062 1845 1140 1892 omniu
1149 1856 1221 1905 geue·

119 1907 213 1961 rentur,
224 1909 294 1967 utque
304 1906 361 1952 adeo
372 1907 421 1968 ipse
432 1908 555 1956 Muudru:
572 1921 670 1969 quorum
688 1908 764 1956 ultera
774 1908 904 1968 percipitur
924 1913 1018 1956 tuntum
1036 1912 1127 1958 mente.-
1144 1909 1221 1954 alteru

120 1972 197 2028 potest
208 1967 293 2030 experri
299 1968 412 2024 semibus.
449 1971 536 2019 Verum
544 1971 587 2019 illu
596 1985 648 2032 quae
658 1971 806 2031 cogrmseitur
816 1972 903 2019 lumine
913 1971 994 2031 animi,
1004 1984 1094 2033 semper
1102 1970 1222 2033 reperitur

121 2035 146 2078 et
156 2031 245 2091 eudem,
256 2037 279 2079 et
290 2031 336 2080 sibi
349 2033 445 2095 oepurrlis
455 2034 588 2094 assimilis,
602 2049 630 2082 ae
639 2048 693 2082 sere
704 2035 818 2082 existeres.
851 2033 970 2082 Sedenim
981 2036 1066 2098 suero,
1076 2048 1146 2097 quem
1160 2032 1221 2081 dicit

121 2093 183 2146 eriri
191 2100 216 2143 et
224 2095 307 2159 umori,
317 2099 469 2168 eepeudeudu
482 2102 518 2147 est
536 2097 711 2147 existimatione
729 2097 835 2145 smsidiii
846 2104 870 2147 et
881 2097 1026 2147 irrationali.
1059 2097 1097 2147 Ae
1110 2098 1221 2160 quemad·

584 2256 614 2276 Ν
616 2255 732 2276 ΙΙΙΙΙΙΙ
734 2256 764 2274 Ν

121 2369 161 2420 iis.
178 2371 391 2426 Elmenlrorstius.
426 2374 496 2436 Gorp.
517 2380 611 2424 tumen:
627 2389 677 2424 esse
693 2380 773 2424 nutem
789 2390 828 2423 ex.
860 2374 905 2422 Sic
915 2371 981 2424 Mes.
998 2373 1103 2434 plurimi
1114 2380 1141 2423 et
1154 2372 1221 2423 Edd.

122 2436 311 2495 Elmeolrorstio
324 2438 433 2498 priores,
444 2439 487 2500 qui
499 2453 557 2490 cunr
569 2453 641 2502 seqq.
652 2439 734 2486 edidit
746 2454 787 2487 uec
799 2454 860 2500 emp.
871 2446 930 2497 esse,
940 2443 1017 2486 tumen
1026 2453 1056 2486 ex
1065 2439 1104 2485 iis.
1129 2438 1202 2486 Male
1214 2451 1221 2484 :

119 2499 212 2549 saltem
219 2499 525 2561 distingueredebuisset,
535 2518 577 2551 nec
584 2503 728 2564 corporales:
736 2517 785 2552 esse
794 2509 884 2550 tumere:
896 2509 923 2550 et
930 2500 1017 2550 forsan
1026 2503 1063 2549 sie
1072 2501 1222 2563 legendum:

121 2577 181 2625 nam
193 2563 268 2612 abest
277 2569 356 2623 suem
369 2579 385 2612 a
395 2566 512 2616 Florent.
525 2573 553 2616 et
565 2567 591 2614 in
603 2567 702 2615 Bened.
714 2576 836 2615 exuretur
847 2571 925 2615 tumere
936 2570 996 2614 esset
1006 2571 1047 2614 out
1058 2579 1098 2613 ex.
1116 2564 1221 2614 ond.-

121 2633 138 2678 5
153 2627 227 2675 Male
247 2627 314 2678 Edd.
334 2634 395 2676 ente
410 2631 520 2681 Vrrlcan.
532 2636 623 2678 contre
635 2631 699 2678 Mss.
715 2637 744 2679 et
760 2645 862 2679 sensum
873 2630 1066 2693 significationes·
1083 2628 1174 2678 ld.—6
1189 2626 1221 2675 'ri

120 2693 339 2751 exemptorumnon
348 2701 389 2741 est
400 2694 426 2742 in
438 2694 597 2745 Florentino.
615 2695 723 2743 Elmerrlr.
755 2695 908 2756 Perpersrn·
935 2693 1041 2742 Eaedem
1053 2693 1224 2741 Eddeontru

120 2753 326 2819 hiefigeraiieee.
339 2770 365 2816 p·
375 2761 433 2807 574.
449 2759 562 2822 ‘signari
580 2758 750 2819 impressione
767 2756 925 2807 formarum!
943 2760 1056 2806 Oai-i
1072 2755 1120 2806 Τὰς
1134 2756 1222 2806 οὐσίας.

122 2818 199 2880 Harl,
212 2819 311 2877 Beued.
319 2821 395 2868 Voss.
406 2836 455 2870 non
473 2829 616 2885 agnoscunt
627 2821 679 2870 ris.
690 2822 765 2874 berre.
798 2823 841 2871 Sic
858 2836 938 2884 supra
952 2820 1024 2882 liius,
1035 2835 1085 2870 non
1096 2820 1141 2870 ris
1151 2819 1222 2870 iiius.

121 2882 211 2942 lde-8
228 2883 304 2933 Voss.
314 2899 394 2933 smsus
403 2886 486 2934 suiier'.
502 2886 592 2935 Id.-9
609 2886 651 2934 Sic
664 2887 728 2934 Mes.
739 2886 857 2948 plerique
869 2900 927 2935 cunr
937 2886 1047 2935 Vulcsn·
1056 2894 1164 2949 etseqq.
1176 2885 1222 2933 sed

121 2947 148 2994 in
161 2945 262 2995 Bened.
273 2948 350 2996 Voss.
362 2957 391 2998 et
403 2950 469 2998 Edd.
482 2951 609 3012 prioribus
624 2950 662 2998 sui
677 2965 723 3012 pur
740 2965 768 2998 ue
782 2952 821 2999 sui
836 2950 929 2999 simila.
961 2950 1076 2998 Perinde
1088 2959 1136 2998 est.
1147 2950 1221 2999 Colv.

121 3009 172 3059 Ed.
184 3011 319 3060 etsuisim.
336 3011 424 3062 ld-l
442 3015 484 3063 Ita
501 3015 616 3063 Florent.
627 3014 703 3062 Voss·
720 3013 793 3062 Harl.
811 3015 912 3063 Bened.
930 3013 998 3062 Edd.
1018 3014 1085 3063 Elrn.
1106 3017 1156 3062 &e
1190 3013 1222 3060 lu

121 3076 219 3123 ceteris
230 3080 256 3124 ut
267 3090 319 3138 que
332 3091 386 3126 sere
396 3078 437 3126 sit.
468 3079 544 3129 Jnnt.
557 3085 624 3139 post.
635 3092 706 3127 serre·
722 3077 811 3126 ld.—u
827 3079 871 3127 Sic
883 3078 947 3126 Mes.
956 3085 984 3125 et
996 3077 1063 3125 Edd.
1073 3077 1147 3128 Jnnt.
1159 3077 1221 3125 Bas.

120 3139 324 3204 sedulum.
357 3141 476 3206 seuque
494 3143 599 3192 Etenim.
634 3142 722 3191 Male:
739 3142 847 3206 opponit
862 3138 1116 3194 huneoiulurulteri.
1133 3142 1221 3190 1d.-3

617 3294 724 3354 NOTAE

91 3421 97 3430 ’
122 3434 183 3482 Esse
199 3432 441 3498 peremptisque
452 3434 519 3483 Deus
533 3434 653 3496 sumserit,
694 3447 751 3497 quae
764 3437 834 3493 sunt,
850 3432 899 3480 aliu
912 3431 1030 3480 sensibus
1042 3427 1151 3493 percipi,
1171 3429 1222 3478 alia

122 3511 164 3572 ipe.
178 3509 294 3571 pleniore
306 3511 388 3558 multo
400 3525 485 3560 sensu.
693 3508 799 3558 mente!
830 3508 898 3556 Vide
917 3514 1000 3558 toturn
1016 3509 1110 3556 locum.
1144 3507 1222 3556 Hune

156 3592 167 3618 ⁶
185 3584 386 3646 Gignentiumpue
402 3586 516 3650 omnium]
535 3585 654 3636 Observa
694 3585 862 3633 essentiarum
871 3583 1022 3633 divisionem
1031 3585 1109 3633 Plato
1119 3583 1151 3632 eb
1160 3582 1223 3646 Epi·

121 3658 311 3724 ‘gignentium’
323 3661 423 3722 passive
435 3670 480 3710 seu
492 3662 579 3723 potins
590 3675 652 3708 neu·
694 3661 800 3723 clrurnro¹
814 3660 957 3720 transtulit,
973 3658 1105 3709 referente
1121 3659 1222 3709 Alcime

123 3735 227 3784 trsliter
236 3742 347 3783 sumtum
361 3749 408 3797 pro
423 3733 622 3784 ‘nescentium'
694 3737 851 3799 Plriloeopho
862 3737 1054 3799 apudeunderu
1064 3737 1206 3787 Lu'e'rtium.

154 3809 167 3843 ¹¹
184 3810 254 3874 [Τὰς]
262 3809 416 3874 Oieturquus
426 3811 653 3873 essentiusdicimus,
726 3823 738 3847 θ
753 3815 802 3863 Sed
811 3815 862 3874 itta,
879 3829 930 3876 quoe
940 3816 1026 3864 mentis
1036 3814 1109 3863 oeulis
1121 3826 1223 3876 rmupre·

123 3888 182 3935 dnm
193 3886 304 3944 meridi
315 3888 357 3948 ἐῢ·
374 3901 473 3947 urrerem
487 3885 665 3947 precogitare-s
694 3891 813 3954 tenditur,
830 3905 920 3954 semper
940 3895 963 3941 et
982 3892 1061 3939 eodem
1077 3891 1154 3948 modo,
1167 3887 1242 3950 Μ.

122 3961 241 4024 oraio]
261 3960 384 4009 baert-in
398 3961 450 4008 vna
464 3960 579 4009 Platonis
593 3975 652 4021 nie·
694 3964 762 4014 vide
785 3965 873 4015 La'e'rt.
893 3979 950 4028 pag.
973 3968 1029 4015 192.
1054 3965 1118 4014 ertit.
1141 3964 1222 4013 Herrr.

124 4041 182 4086 194.
194 4035 228 4085 iri
239 4034 336 4084 καὶτῶν
346 4034 421 4084 ὄντων
436 4037 467 4085 ri
483 4035 535 4098 piu,
555 4035 654 4095 αἰσθητὰ
694 4040 830 4104 Stephani,
839 4040 865 4088 in
877 4044 901 4091 8.

124 4110 189 4174 εἶναι,
206 4111 237 4161 ri
249 4111 273 4161 ei
290 4111 371 4170 sopri.
392 4113 546 4177 'operirem
566 4127 654 4164 eorum
