2694 4710
354 319 424 366 run.
448 319 473 367 1.
497 318 583 367 srvs
609 317 657 366 nu
681 316 829 366 eureos.
852 317 1000 368 neuun.
1133 287 1218 368 107⁷

119 467 166 530 tis
179 461 345 549 impedita
361 472 439 530 sunt
449 465 644 530 visceribus.
689 463 847 546 Denique
862 464 969 546 ipsius
981 464 1103 546 capitis
1117 464 1220 528 verti-

121 587 193 630 cem
220 574 356 651 specta:
380 574 567 632 contectum
595 565 685 630 tenui
711 570 799 642 cute,
830 564 1031 648 capillisque
1057 564 1219 652 hirsutum

120 668 266 745 videbis,
281 671 442 734 adversus
457 670 526 734 vim
539 671 549 697 ¹
575 667 707 750 frigoris
722 669 755 730 et
768 666 901 743 caloris.
945 664 1035 743 [590]
1049 663 1097 730 At
1108 667 1220 730 enim²

120 767 189 831 illae
207 771 355 852 opimae³
381 777 458 834 sunt
479 776 602 852 parter,
622 786 708 850 quas
731 767 828 831 labor
850 767 1020 847 subigitz4
1044 771 1080 829 nt
1096 765 1221 831 femina

118 870 210 950 ipss,
223 889 292 953 qua
306 870 511 936 sessitandi⁵
534 870 625 949 regio
639 874 698 932 est
743 865 836 945 Quid
859 868 901 930 de
916 868 1028 932 cibatu
1047 864 1145 950 ipsoi
1170 868 1221 931 lo·

121 972 230 1051 quari
255 968 376 1055 quem⁶
391 973 512 1036 itinera
523 989 569 1033 ex
585 976 680 1034 utero
695 969 885 1034 manantia⁷
894 965 906 1002 k
922 967 1013 1032 fibris
1020 968 1147 1051 jecoris
1160 969 1222 1033 ad·

111 1071 235 1152 juncta
248 1072 455 1155 dispertiunt,
469 1072 503 1135 in
519 1072 646 1136 cruoris
661 1069 913 1134 habitudinem⁸
929 1088 1071 1146 versum,
1088 1076 1125 1132 ut
1144 1088 1221 1134 eum

120 1191 166 1234 ex
181 1191 222 1235 eo
236 1172 338 1237 loco⁹
362 1192 422 1256 per
443 1191 556 1237 omnes
569 1176 661 1235 artus
674 1175 796 1235 natura
811 1171 913 1235 solers
928 1170 1070 1236 derivari
1091 1168 1219 1234 faciat.¹

120 1367 254 1425 Postremo,
265 1371 344 1432 aspice
353 1385 468 1419 summum
483 1371 559 1434 ipsius
568 1370 663 1434 eapitis,
673 1372 762 1420 uidebis
771 1372 830 1420 illud
843 1386 892 1420 esre
903 1377 1009 1432 opertum
1020 1372 1109 1432 exigua
1117 1368 1185 1432 pelle,
1196 1371 1221 1415 et

119 1430 210 1480 &lum
226 1433 331 1483 crinitus
340 1440 424 1484 centra
433 1434 717 1497 impressionemfrigrris
727 1440 751 1483 et
769 1436 863 1484 tuleris.
898 1433 1220 1492 marmoreumque

120 1502 271 1546 macerantur
281 1498 367 1559 utare,
382 1502 439 1547 eunt
452 1498 569 1560 pinguia:
586 1500 666 1560 qualia
683 1498 853 1558 ernistum,
871 1512 917 1560 qun
931 1503 1001 1560 parte
1019 1500 1120 1546 sedetur·
1155 1493 1221 1549 Quid

118 1558 197 1606 ditum
206 1561 235 1609 dr
245 1562 297 1623 ipsu
308 1558 381 1610 ribo?
396 1576 463 1624 quem
479 1562 526 1609 rice
538 1567 644 1610 mantes
655 1576 686 1609 ex
701 1568 792 1625 ventre,
803 1567 826 1610 et
837 1561 1014 1625 annexoefilrt'r
1023 1561 1124 1623 hepatis,
1135 1556 1221 1606 dietri-

119 1620 194 1672 tuum
207 1628 322 1673 mutuum
333 1625 358 1674 iu
367 1625 466 1688 speeiem
475 1625 609 1686 sauguinis,
620 1630 648 1674 ut
661 1626 758 1674 Natura
765 1628 870 1688 prum
884 1631 951 1674 curet
965 1639 1017 1674 eum
1033 1625 1088 1673 inde
1098 1620 1182 1672 deduci
1193 1620 1220 1667 itt

119 1883 204 1932 Scriv.
216 1884 285 1933 Flor.
297 1899 355 1947 quae
371 1897 412 1930 me
424 1899 474 1932 non
486 1885 634 1946 intelligere
645 1883 738 1935 fateor.
773 1886 831 1934 Sese
842 1891 928 1934 nutem
942 1885 1049 1949 innulln
1067 1891 1109 1934 eet
1121 1885 1218 1948 scripto

120 1961 171 1997 nee
182 1946 262 2058 effl’
271 1959 361 2057 {terium
371 1947 832 2060 Meziffifflg'Voss'dvumilsselnedi
842 1950 939 2060 nflflpffiue
951 1949 1221 2057 euhibeutsepoverrdn

121 2025 181 2059 cum
253 2045 259 2058 .
297 2024 346 2058 uc.
379 2025 400 2060 r.
444 2024 494 2058 ow.
548 2024 696 2058 emmenum
738 2025 818 2059 ar.e
911 2042 917 2057 .
956 2025 1034 2059 noret
1076 2026 1108 2058 uo
1145 2025 1166 2058 ae
1188 2026 1220 2059 ue

120 2073 264 2122 obtentum.
299 2025 377 2136 lips?
388 2079 416 2122 et
434 2073 501 2122 Scal.
520 2088 565 2122 seu
585 2073 634 2121 Ed.
653 2087 706 2122 see.
716 2135 718 2140 Ι
729 2073 803 2124 ane.
815 2089 840 2124 se
855 2026 972 2123 moverit.
1005 2026 1089 2123 Recio
1101 2027 1220 2137 quodqad

120 2152 231 2186 sensum.
265 2138 362 2185 Verum
374 2135 461 2185 forsan
473 2136 661 2185 emendandum
673 2134 760 2185 fuerat
770 2140 802 2185 etl
817 2139 925 2186 celeriter
934 2143 1003 2200 utque
1015 2138 1040 2196 s.
1058 2153 1084 2186 te
1101 2140 1222 2202 movenda,

118 2203 162 2250 vel
175 2202 271 2263 potins,
284 2208 313 2250 nt
324 2200 472 2250 insistamus
485 2201 589 2263 propius
596 2201 725 2249 Msturum
738 2201 852 2263 vestigiis
861 2204 893 2249 uel
903 2202 1053 2260 celeritates.
1064 2217 1090 2250 re
1100 2203 1222 2251 movenda.

120 2275 151 2314 ut
163 2265 323 2315 constructio
336 2265 369 2313 sit
379 2267 410 2314 ud
420 2267 533 2314 renuenda
543 2279 568 2313 se
578 2265 705 2316 celeritate.
723 2264 843 2313 Onu-9
855 2265 931 2314 Harl.
941 2266 1017 2314 Voss.
1028 2272 1069 2315 aut
1082 2271 1109 2313 et
1119 2267 1221 2315 inverse

117 2336 175 2378 sunt
185 2331 242 2392 imp.
254 2328 299 2378 ubi
310 2329 386 2378 Voss.
398 2343 485 2377 rursus
497 2328 668 2391 impedimenta·
688 2327 776 2380 ltl.—l
794 2329 837 2378 Sic
849 2329 965 2379 Florent.
982 2337 1010 2379 et
1025 2330 1075 2378 Ed.
1086 2331 1154 2378 Elm.
1171 2331 1221 2378 &m

120 2393 174 2442 Alii
185 2396 315 2442 aduersum.
332 2392 421 2442 td.-2
437 2391 554 2454 Atesim,
571 2395 612 2455 ⁸50·
630 2391 697 2453 regin
714 2398 758 2441 est.
790 2394 896 2442 Desunt
914 2395 969 2440 haee
987 2392 1054 2443 Edd.
1070 2402 1130 2442 ante
1147 2393 1222 2459 Junt.¹

118 2465 189 2520 post.
206 2457 295 2508 Iu.—s
315 2457 428 2520 Optimae.
470 2457 559 2518 Forte,
577 2457 669 2518 opimae.
687 2457 839 2505 Vulcanius.
875 2455 979 2505 Rectius
998 2457 1025 2504 in
1045 2457 1101 2504 eliis
1123 2471 1223 2518 opum,

120 2519 818 2648 {rqd0fflffiq¹¹⁰dldefpejlfflithcasfflbssmg'tfflarfi
848 2520 1135 2632 Opssmoedaasapbonlrzsg
1155 2520 1223 2568 Flor.

144 2599 195 2635 er.
313 2599 414 2633 :mae
462 2599 539 2639 men.
599 2598 658 2632 ece
696 2597 773 2634 nme
821 2599 937 2632 ssan.a
1009 2597 1080 2630 o..
1139 2597 1221 2632 .cum

120 2650 189 2698 Scal.
201 2656 229 2698 et
244 2662 315 2712 seqq.
333 2648 425 2710 rpimae.
441 2647 507 2709 σαρξὶ
522 2646 748 2711 ξυμπεπληρωμένας
763 2656 841 2696 vocat
857 2647 943 2697 Plato.
977 2599 1008 2696 lit
1027 2598 1091 2696 Mes.
1110 2652 1138 2694 et
1154 2646 1222 2696 Edd.

120 2713 250 2775 prioribus
260 2712 293 2760 tle
306 2726 377 2761 more
389 2712 492 2774 optimu.
516 2714 588 2761 Voss.
601 2727 699 2774 opumce,
710 2722 740 2761 ut
752 2713 808 2760 vult
820 2713 911 2761 Brent.
923 2709 969 2759 sed
983 2710 1041 2759 vide
1053 2711 1086 2759 ad
1098 2711 1165 2759 Met.
1177 2711 1223 2761 lib.

120 2791 153 2825 rr.
167 2792 192 2838 p.
203 2780 258 2825 115.
269 2775 296 2825 b.
313 2776 426 2824 Onu-4
443 2775 543 2824 Bened.
554 2775 628 2823 sulit.
660 2777 737 2823 Voss.
748 2775 798 2825 Ed.
808 2776 882 2826 lunt.
895 2775 1053 2838 postellum.
1071 2775 1159 2824 tri—5
1179 2774 1223 2823 Ite

121 2840 191 2890 Edd.
204 2839 303 2901 priores
314 2846 342 2887 et
349 2839 428 2887 Wntv.
441 2853 499 2888 enm
512 2853 585 2902 seqq.
598 2844 628 2888 ut
637 2838 915 2902 dieatseminequoque
924 2840 992 2888 inter
1002 2853 1045 2888 eas
1055 2846 1221 2902 partes,quoe

120 2905 230 2967 pingues
243 2911 303 2951 sunt
315 2908 342 2952 et
351 2902 442 2951 labore
460 2902 626 2966 subiguntur,
640 2917 697 2952 esse
715 2903 830 2965 pinguis,
849 2903 910 2966 qnia
925 2903 951 2951 in
967 2903 1031 2966 ipsis
1046 2903 1117 2966 regio
1130 2908 1171 2950 est
1182 2916 1222 2950 se·

121 2969 213 3028 dendi,
225 2980 258 3015 ne
270 2968 314 3016 ills
326 2966 441 3016 membra
457 2967 550 3015 crebra
561 2967 676 3023 sessione
694 2966 907 3029 impedimentum
920 2967 1081 3029 acciperent.
1115 2965 1173 3014 Nisi
1185 2967 1224 3015 its

121 3033 222 3094 capies,
235 3032 322 3080 nescio
334 3045 381 3080 cnr
393 3031 488 3087 semina
498 3031 566 3079 inter
578 3037 665 3092 partes
680 3038 770 3093 ponat,
787 3044 852 3094 quas
867 3030 940 3078 labor
955 3030 1066 3092 subigat.
1098 3029 1159 3079 Sine
1172 3031 1223 3078 dis·

122 3096 252 3145 tinctione
262 3096 289 3154 f.
303 3096 355 3158 ipsu
365 3109 411 3157 qua
422 3095 499 3144 Vule.
533 3095 564 3142 ln
576 3095 641 3142 Mes.
651 3093 750 3144 Beued.
767 3094 839 3142 Harl.
852 3094 918 3142 Edd.
928 3095 1003 3144 Junt.
1015 3100 1083 3157 post.
1096 3095 1156 3143 Bes.
1168 3107 1224 3146 see.

122 3161 197 3210 Colv.
209 3161 278 3209 Seni.
287 3159 383 3222 ipsaque
392 3172 429 3207 sc.
440 3160 526 3207 clunes.
549 3157 579 3206 ln
590 3159 811 3208 Florent.semr'rm.
842 3157 1036 3206 Benedsemen.
1061 3159 1135 3207 Voss.
1145 3172 1224 3208 semen

120 3225 160 3273 ita
180 3225 232 3286 ipsu
251 3222 536 3285 quoe.1d.—6Bened.
557 3238 610 3285 que.
643 3224 719 3271 Voss.
738 3236 815 3285 quant.
833 3221 924 3270 tri-r
945 3223 985 3271 Ex
1005 3228 1073 3271 utero
1094 3222 1223 3271 innuentia.

120 3291 196 3351 Lege
216 3301 274 3336 meo
292 3287 409 3348 consilio,
422 3287 553 3337 manantia.
588 3287 691 3344 Munere
706 3287 804 3336 dicitur
820 3300 879 3335 eum
897 3287 989 3335 humor
1005 3302 1038 3336 ex
1054 3286 1157 3348 integro
1172 3299 1224 3334 non

120 3354 198 3402 nimis
217 3349 299 3400 solido
321 3351 500 3413 perminimae
516 3364 575 3398 snas
592 3357 680 3415 partes
700 3350 822 3412 erumpit,
838 3353 1003 3400 testeFettn.
1021 3350 1136 3399 Steweclt.
1170 3349 1224 3396 Ve-

120 3421 189 3479 rum,
207 3416 337 3463 manantia·
354 3415 466 3464 Celsius.
485 3420 486 3423 ’
502 3414 578 3464 Rom.
600 3415 729 3475 manentia,
752 3415 826 3464 male.
843 3415 951 3464 Elmenlr.
985 3413 1053 3464 Edd.
1072 3415 1145 3462 Rom.
1162 3413 1223 3463 Vie.

121 3480 198 3531 Jnnt.
218 3493 256 3542 pr·
276 3479 337 3526 Bas.
356 3479 430 3528 Colv.
449 3479 578 3535 manentia,
600 3481 676 3529 male.
696 3480 809 3527 Onu-8
826 3480 880 3528 Pro
896 3479 1057 3528 habitudinem
1075 3476 1143 3526 Edd.
1161 3485 1222 3524 ante

122 3545 236 3594 anesn.
251 3543 431 3592 similitudinem
446 3549 540 3591 eontra
554 3543 620 3592 Mss.
637 3544 727 3593 Iu-n
743 3543 819 3592 Harl.
830 3558 890 3592 eum.
924 3544 996 3591 Male
1008 3557 1034 3590 ee
1045 3542 1130 3589 omisit
1141 3541 1222 3590 Flori-

122 3609 182 3659 dus.
215 3609 268 3657 Pro
288 3612 356 3656 artus
374 3608 451 3656 Voss.
469 3607 539 3656 artis.
556 3607 644 3657 tu-r
663 3607 779 3656 Florent.
798 3607 873 3657 Voss.
887 3608 961 3675 sarit.
994 3605 1223 3664 Beneusaciutur.

618 3749 739 3801 NOTAE,

157 3852 164 3884 ἱ
182 3851 221 3900 De
231 3851 310 3900 eiius
318 3849 381 3914 ipsu]
393 3849 502 3913 chylnm
514 3848 640 3911 intellige.
696 3854 766 3897 notae
778 3846 841 3909 ipsis
850 3852 926 3895 erant
935 3858 1007 3894 venre
1017 3844 1108 3892 laetere
1117 3843 1155 3891 his
1165 3857 1226 3904 pos·

157 3925 169 3958 k
185 3927 279 3976 Itinera
295 3941 326 3975 ex
339 3930 406 3975 utero
420 3924 555 3987 manantia]
573 3925 654 3972 Venae
696 3923 833 3972 teriorilrus
846 3920 1007 3985 temporibus
1020 3923 1143 3980 repertae.
1161 3918 1225 3968 Ute-

122 4008 208 4066 portae
220 4000 295 4063 rami,
305 4000 400 4065 quibus
411 4000 515 4062 sanguis
531 4013 564 4048 ex
575 3998 656 4046 intes·
694 4015 737 4049 rus
757 4014 843 4063 porro,
862 4000 905 4063 qui
924 4005 954 4047 nt
971 3997 1110 4060 plurimum
1123 3997 1225 4046 v‘ulvum

121 4076 187 4126 tinis
199 4073 449 4138 adjectrrdefertur,
458 4081 484 4123 et
492 4074 584 4138 qrribus
594 4075 656 4136 chy·
695 4075 833 4140 significet,
844 4075 887 4125 irie
901 4081 992 4124 venter
1003 4080 1052 4124 est.

121 4154 178 4202 lum
201 4150 298 4202 deferri
321 4151 464 4215 putebant:
481 4165 565 4216 neque
584 4152 653 4200 enim
