2694 4710
267 277 272 282 ⁹
372 316 445 364 uin.
468 306 507 363 ιι.
530 316 614 366 s1vn
640 316 689 364 on
713 315 860 366 unicos.
886 317 976 365 uon.
1132 302 1217 367 1095

121 457 246 520 mentis
261 447 432 539 optimo'et
442 458 601 522 nobilitor·
614 456 816 538 figuratum,4
830 480 905 541 quae
928 460 1130 523 concordem
1152 460 1218 522 sibi

121 564 156 624 et
169 559 344 640 quintani,5
359 565 563 624 constantem
579 560 679 624 etiam
693 559 776 623 facit
791 580 877 637 eum,
893 563 946 624 cui
959 561 1058 624 suerit
1077 559 1219 625 fideliter

121 658 287 737 intimata,
312 679 380 722 non
403 662 514 725 verbis
540 663 653 738 modo,
670 662 848 726 sedetiam
871 661 997 724 iactis⁶
1024 670 1161 725 secum⁷
1184 667 1221 725 et

122 780 201 824 cum
215 760 333 826 ceteris
348 764 611 844 congruentem.⁸
659 764 739 826 Hoc
754 783 833 828 vero
849 764 1042 845 procliviuS,
1067 763 1096 825 si
1113 763 1218 827 Ratio

122 863 159 924 in
174 862 264 944 regni
279 863 332 927 sui
343 864 430 928 solio
447 866 658 942 constituta‚⁹
681 865 853 949 appetitus
875 871 912 926 et
925 863 1117 927 iracundias
1133 883 1217 928 sem·

122 983 185 1045 per
206 965 350 1030 domitas
365 971 399 1029 et
414 965 575 1030 infraenis
590 967 692 1030 habet
704 973 736 1031 :¹-
760 966 917 1047 ipsiquo²
938 965 987 1028 ita
998 964 1169 1042 obediant,
1183 971 1221 1028 ut

124 1067 309 1148 tranquillo
323 1067 508 1131 ministerio
517 1068 704 1149 fungantur.
748 1066 956 1130 Uni-modam
968 1084 1047 1132 vero
1063 1086 1138 1130 esso
1154 1068 1221 1129 vir·

120 1170 254 1242 tutem,e
267 1167 356 1249 quod
370 1168 495 1232 bonum
517 1175 639 1252 suapte
658 1176 802 1232 natura³
826 1167 1031 1232 adminiculo
1048 1188 1116 1231 non
1132 1168 1221 1231 indi-¹

120 1363 167 1407 tem
177 1361 427 1415 msembitumunimi
466 1363 749 1425 timeetpnaeclarissime
760 1365 903 1430 formatum,
914 1381 966 1429 quc
985 1365 1069 1416 Virtus
1084 1366 1162 1426 iilum,
1181 1364 1220 1412 cui

113 1422 194 1496 suerit
204 1426 295 1475 sincere
305 1426 392 1491 infixa,
401 1377 485 1476 recidi.
495 1428 542 1476 sibi
558 1428 703 1489 unanimem,
716 1435 740 1477 et
748 1435 869 1491 nuntiam,
879 1431 988 1479 stabilem
998 1446 1093 1494 quoque,
1104 1435 1128 1478 et
1138 1443 1219 1477 conue-

119 1494 223 1536 utentem
233 1503 318 1546 secunn
335 1497 423 1539 etcum
432 1490 591 1554 reliquimus
602 1491 681 1546 uerbis
692 1497 792 1549 tuntum,
799 1497 841 1542 sed
852 1500 876 1542 et
883 1494 959 1554 factis
968 1511 1065 1558 quoque.
1099 1494 1129 1540 Id
1140 1499 1220 1542 autem

112 1549 215 1606 facilius
229 1559 274 1615 est,
289 1555 311 1602 si
331 1555 406 1603 Ratio
416 1557 528 1603 collocuta
538 1556 564 1603 in
575 1555 658 1603 throno
669 1558 706 1603 eui
717 1557 805 1618 Regni,
815 1564 893 1606 teneat
909 1565 1020 1620 perpetua
1033 1558 1184 1620 Cupiditates
1194 1561 1219 1603 et

120 1613 177 1662 Irus
186 1617 233 1664 sibi
243 1618 357 1677 subdiac,
369 1625 392 1666 et
403 1620 451 1666 iau
461 1619 526 1667 sicet
535 1624 643 1680 pareunt,
655 1625 683 1666 ut
693 1627 819 1669 exerceant
829 1638 873 1670 scca
884 1623 965 1670 munic
975 1623 1062 1684 quiete.
1099 1621 1220 1670 Virtutem

116 1683 198 1728 autem
210 1683 246 1731 uit
256 1696 304 1732 esse
312 1683 460 1742 unifacmem,
471 1683 526 1746 quic
535 1685 629 1734 Bonum
641 1690 762 1748 suscepte
773 1687 868 1746 ingenio
880 1700 927 1734 non
938 1701 995 1750 opus
1013 1687 1083 1735 tundet
1100 1690 1221 1734 sustenta

603 1830 737 1852 nonme
741 1831 771 1851 u

120 1943 349 2006 eapiuefucuitutes
361 1944 574 2009 simplicitatum
591 1946 663 1995 bonis
682 1946 751 2010 οὐσίᾳ
768 1952 917 2006 occurrunt,
936 1949 965 1993 ut
985 1942 1054 1992 infra
1073 1958 1098 2006 p.
1117 1946 1173 1992 603.
1192 1947 1221 1990 et

121 2019 202 2069 saepe.
237 2007 313 2069 Apud
326 2010 410 2058 Cicer.
427 2010 493 2058 ibid.
504 2016 533 2057 et
544 2010 588 2058 tib.
600 2025 620 2059 ι.
636 2009 817 2059 deOffic.13.
836 2009 878 2058 nbi
897 2017 926 2057 ut
944 2015 972 2057 et
988 2007 1020 2056 ad
1039 2007 1083 2056 lib.
1097 2019 1124 2053 v.
1145 2008 1219 2054 Fam.

120 2071 172 2133 Ep.
183 2075 225 2120 20.
241 2073 346 2120 consule
356 2074 511 2122 Munatium.
545 2074 636 2122 Potuit
647 2074 742 2122 lineola
753 2088 830 2134 stupra
850 2088 863 2122 e
880 2073 972 2121 omissa
989 2086 1035 2133 pro
1052 2086 1083 2131 m,
1100 2071 1142 2118 vel
1159 2084 1171 2117 s
1186 2070 1220 2119 ob

118 2147 176 2198 seq.
194 2135 296 2184 literam
308 2151 320 2184 s
332 2137 476 2186 excidisse:
495 2137 563 2186 unde
580 2138 694 2187 incertus
712 2137 798 2187 haereo
817 2151 849 2185 an
862 2136 1002 2195 facultates,
1021 2149 1054 2182 an
1066 2135 1221 2194 sucultctnn,

119 2199 454 2325 ttutttttttttt·
467 2198 1221 2327 attint·,intinniit‘titt-'titiniat}

119 2326 155 2374 0.
167 2326 306 2388 sequimur,
319 2334 347 2377 ut
359 2329 409 2390 ipsi
420 2300 553 2389 sederunt,
573 2329 617 2392 (μιί
636 2336 722 2379 tamen
741 2329 843 2390 virtutes
855 2328 1027 2386 retinuerunt,
1044 2329 1069 2375 in
1083 2342 1155 2390 seqq.
1167 2340 1220 2388 qua

112 2391 181 2449 fucit
191 2390 444 2453 cnifuerit'intimatu,
459 2393 503 2441 ubi
516 2399 576 2441 ante
587 2394 699 2442 Vulcan.
712 2399 768 2440 erat
779 2393 805 2441 iu
819 2392 886 2441 Edd.
899 2390 997 2451 fuciunt
1013 2397 1040 2439 et
1048 2391 1146 2450 fuerint
1161 2390 1220 2439 inti·

118 2461 201 2504 matu.
233 2454 286 2503 Sub
298 2455 336 2504 his
348 2462 402 2505 turn
414 2456 559 2506 debuerunt
571 2456 719 2518 intelligere
737 2464 814 2504 mens:
831 2456 900 2516 qtiod
919 2470 969 2504 nou
991 2462 1043 2504 tam
1061 2454 1219 2502 concinnum

118 2518 234 2567 videtur.
267 2518 376 2570 Virtutes
387 2534 474 2569 rursus
486 2535 545 2583 pag.
557 2535 611 2584 aeq.
639 2521 798 2571 vincenam
810 2519 926 2568 subnexa
938 2519 969 2568 ab
979 2518 1101 2580 Apuleio,
1113 2523 1220 2580 etseqq.

119 2589 206 2633 notas.
223 2582 311 2632 lan-a
329 2585 395 2634 Hui.
406 2586 489 2633 esseni.
500 2585 587 2633 mentis
603 2585 690 2646 optime
706 2589 731 2632 et
745 2583 856 2631 nobiliter
863 2584 991 2648 figurate.
1008 2581 1121 2631 Omnino
1132 2582 1220 2642 legen·

119 2646 203 2697 dumi.
218 2646 272 2696 hab.
284 2662 335 2696 esse
345 2651 369 2696 d.
382 2649 467 2697 mentis
477 2649 563 2710 optime
571 2653 595 2697 et
606 2648 716 2697 aviditer
718 2649 863 2712 figuratum.
895 2648 938 2696 Sic
951 2647 1018 2694 enim
1031 2645 1148 2694 disertim
1165 2644 1221 2693 Με.

119 2710 216 2773 Scione.
226 2711 253 2759 in
264 2710 345 2773 Sumo.
372 2712 439 2760 'Non
452 2712 553 2761 videtur
564 2711 666 2761 omnino
679 2711 821 2774 rejicienda
832 2713 883 2761 Ms.
898 2711 957 2761 cod.
968 2710 1046 2760 lectio
1057 2709 1143 2758 nunus
1157 2709 1219 2770 opti·

119 2789 176 2837 mu,
185 2780 209 2823 et
218 2774 327 2824 nobiliter
338 2775 474 2840 figuratae:
488 2776 530 2838 qui
544 2791 598 2825 mm
612 2778 682 2825 carde
700 2775 747 2824 siti
761 2775 874 2839 quietum,
894 2780 1049 2824 constantem.
1067 2774 1222 2823 Wowerius.

120 2839 196 2887 Bene
206 2839 313 2901 Seiopa.
325 2847 404 2903 atque
412 2840 453 2888 tiu
464 2854 521 2889 cum
534 2840 586 2888 Me.
598 2840 673 2889 Fulv.
686 2839 809 2889 exhibent
820 2853 923 2903 qnoque.
935 2840 1011 2889 Voss.
1028 2845 1057 2887 et
1076 2836 1176 2886 Bened.
1188 2850 1220 2885 ac

119 2901 190 2950 Edd.
200 2903 267 2952 Etm.
278 2902 362 2952 Sosis.
379 2903 448 2953 Flor.
483 2903 513 2953 ln
524 2910 589 2953 vett.
601 2910 641 2952 est
649 2903 776 2967 figurutoe.
812 2903 879 2951 Edd.
891 2904 969 2952 Vuic.
987 2917 1017 2953 ac
1034 2903 1118 2951 Wow.
1135 2901 1223 2966 mentis

119 2966 217 3027 optimoe
228 2967 376 3015 cenobititer
386 2968 519 3031 figurata:
536 2975 564 3016 et
583 2967 620 3016 sic
638 2970 715 3030 plane
734 2965 849 3017 Florent.
867 2967 917 3023 nisi
934 2967 1003 3031 quod
1022 2974 1110 3015 careat
1129 2967 1167 3025 uqi
1186 2969 1220 3014 et.

121 3030 241 3078 0ud.-5
259 3031 303 3079 ltu
321 3031 418 3092 primus
438 3031 522 3080 edidit
540 3033 607 3080 Etm.
624 3045 639 3081 ε
656 3031 720 3081 Mu.
740 3032 856 3079 Florent.
869 3039 896 3078 et
914 3032 988 3080 Leid.
999 3030 1096 3078 addens
1106 3036 1146 3078 et:
1161 3043 1221 3078 cum

119 3094 265 3142 Vulcanius
277 3095 360 3156 primo
373 3096 532 3158 reposuisset
543 3095 664 3157 quietum(
689 3093 756 3143 Edd.
770 3102 835 3143 vett.
850 3097 985 3144 concordem
1002 3094 1049 3142 sibi
1064 3095 1175 3158 quietem,
1192 3100 1221 3140 ut

122 3165 163 3206 est
174 3159 202 3206 in
213 3159 289 3208 Voss.
322 3158 405 3207 Immo
416 3160 518 3222 quietem
535 3159 631 3208 habent
649 3159 714 3207 Mss.
726 3159 841 3220 piissimi,
852 3166 879 3207 et
897 3159 997 3211 Bened.
1017 3173 1069 3207 cum
1088 3161 1156 3208 come
1175 3155 1222 3203 sibi

120 3221 231 3284 euntem.
263 3221 382 3272 InFnlv.
399 3237 451 3271 cum
464 3223 713 3285 cordesibiquietum.
745 3223 820 3271 Voss.
832 3227 974 3272 constanter.
1006 3222 1073 3271 Vide
1090 3238 1150 3270 unm
1168 3220 1222 3280 legi

121 3284 221 3346 debeat
234 3285 351 3348 Virtutes,
361 3289 401 3350 isc.
418 3287 514 3347 mentis,
524 3289 565 3349 isc.
576 3302 636 3350 quoe,
648 3302 685 3335 sc.
696 3301 768 3335 mens
780 3302 832 3335 cum
843 3288 911 3335 corde
924 3288 970 3336 sibi
987 3287 1096 3350 quietem,
1111 3290 1221 3334 constan-

121 3355 172 3398 tem
178 3349 320 3409 etiumsucit
330 3366 392 3411 eum,
402 3351 441 3399 cui
448 3351 545 3412 suerint
555 3351 672 3400 intimata
684 3366 721 3400 sc.
732 3352 852 3400 virtutes.
885 3351 952 3400 Edd.
963 3360 1026 3400 vett.
1038 3352 1111 3399 etiam
1121 3346 1222 3405 eumfa-

63 3475 67 3481 .
120 3414 197 3462 ciunt.
213 3413 304 3463 Id.—6
320 3414 363 3464 Sic
374 3415 439 3463 Mne.
455 3416 486 3464 In
496 3415 563 3464 Edd.
576 3422 638 3463 ante
646 3407 759 3464 Vulcan.
768 3430 815 3464 non
826 3419 984 3464 tantummodo
995 3411 1223 3474 certis,·sedsaetis;

121 3482 148 3526 et
166 3477 470 3528 etiam.1d.—⁷Bened.
489 3479 524 3527 cic
542 3484 578 3528 ut.
595 3479 685 3528 lu-s
704 3481 764 3528 Cum
781 3485 827 3528 cet.
844 3484 1018 3539 congruentem.
1053 3479 1151 3527 Ultima
1171 3488 1222 3524 vox

120 3541 193 3590 maie
204 3541 278 3591 abest
289 3542 322 3590 ab
334 3541 400 3592 Edd.
413 3550 474 3593 ante
484 3544 595 3592 Vulcun.
607 3544 682 3606 cujus
701 3544 750 3593 Ed.
763 3559 801 3605 pr.
812 3558 864 3592 cum
873 3544 936 3592 otiis.
955 3543 1044 3592 ld.-o
1062 3542 1170 3591 Addunt
1188 3540 1222 3588 sit

121 3604 193 3655 Edd.
205 3613 266 3656 ants
278 3606 384 3656 Vnican.
402 3607 488 3657 ici—1
506 3609 607 3666 Contra
616 3622 718 3666 sensnm
731 3609 795 3657 Mss.
812 3608 886 3656 Fulv.
898 3608 971 3657 Voss.
981 3606 1084 3657 Bened.
1095 3605 1222 3656 indomitus

119 3675 146 3727 ‚et
157 3669 277 3733 infrenis.⁴
306 3670 421 3734 Vuigata
433 3671 511 3721 lectio
527 3685 589 3720 sana
600 3678 641 3721 eet
652 3679 680 3720 et
689 3672 755 3720 bene
772 3670 874 3721 Latina.
908 3672 951 3721 0b
961 3673 1030 3720 hanc
1042 3677 1128 3721 tamen
1142 3669 1222 3719 varie·

123 3741 215 3796 tatem,
224 3748 281 3799 quae
294 3748 345 3783 uon
357 3734 460 3784 videtur
476 3735 509 3784 de
526 3735 606 3784 nihilo
617 3743 686 3796 orta,
698 3735 810 3799 conjicio
821 3736 847 3784 in
858 3737 956 3784 domina
989 3736 1087 3786 Gloesae
1103 3733 1221 3784 Domitus'

122 3795 229 3858 δάμασε.
264 3798 320 3848 Cic·
331 3798 376 3847 lib.
389 3813 421 3848 11.
430 3799 463 3848 de
475 3800 539 3848 Nat.
551 3800 599 3848 De.
609 3813 633 3848 c.
646 3805 687 3849 60.
705 3798 853 3850 ‘Efficimus
866 3800 963 3849 domitu
977 3808 1064 3849 nostro
1077 3799 1224 3863 quadrupe·-

123 3862 187 3910 dum
207 3861 358 3911 unctiones.¹
376 3863 466 3913 ΜΛ
482 3864 526 3913 Sc.
543 3863 658 3912 Rationi.
694 3864 766 3913 Voss.
784 3864 884 3913 Bened.
903 3870 931 3912 et
948 3864 1015 3914 Edd.
1033 3871 1093 3912 ante
1112 3863 1223 3910 Vulcan.

119 3926 227 3989 ipseque
237 3927 291 3976 eive
303 3927 455 3990 iracundiae,
467 3928 508 3977 vel
518 3927 637 3991 ἀρχαϊκῶς
647 3929 706 3991 ipsc
718 3942 764 3992 pro
775 3929 831 3990 ipsi.
848 3928 940 3977 Ide-8
957 3930 1033 3976 Voss.
1042 3926 1142 3976 Bened.
1152 3930 1223 3974 natu·
1234 3928 1236 3933 ’

625 4054 736 4109 NOTAE

156 4163 167 4188 ε
181 4117 382 4205 Uninodumceic
391 4120 573 4220 esseuirtuiem]
588 4155 656 4207 Vide
666 4157 738 4207 Ptat.
749 4155 776 4205 in
788 4153 940 4220 Protagora,
953 4167 1012 4219 pag.
1023 4158 1081 4204 229.
1090 4160 1196 4218 etscqq·
1213 4190 1216 4195 <
