2694 4710
131 325 219 390 luta
457 336 568 385 aros.
592 336 642 383 ou
664 333 782 385 ouen.
807 334 913 381 enar.

133 489 234 562 caret,
249 483 411 566 fieretque
427 482 549 564 etipse
565 486 677 544 totus²
692 476 884 542 modulatus
900 495 941 539 ac
955 475 1117 539 musicus.
1150 475 1233 539 Huc

131 587 268 668 lingua,³
283 591 316 649 et
330 585 475 664 dentium
493 584 639 660 vallum,c
660 587 694 645 et
716 580 825 662 ipsius
847 578 977 642 osculi4
999 586 1158 641 venustas
1175 597 1232 640 ac·

131 688 254 752 cessit:
278 687 367 770 quod
383 686 518 770 quidem
534 686 609 750 aliis
625 685 847 747 animantibus
871 682 914 743 ad
936 681 1138 765 explendam
1160 681 1232 742 vie·

130 793 184 853 tus
198 789 443 864 necessitatem,
465 784 724 867 inserendasque
741 784 844 848 ventri
858 783 979 865 copias
996 788 1229 864 comparatum

28 943 31 950 .
131 895 201 971 est:
217 890 277 954 sad
291 889 439 954 hominis
455 888 696 972 promtuarium
707 885 816 969 potius
830 893 929 947 rectae
942 883 1083 946 rationis
1100 890 1136 946 et
1151 901 1231 946 sua·

129 992 280 1058 vissimae
296 991 456 1056 orationis
471 993 533 1055 hoc
550 990 663 1053 datum
680 985 779 1067 est3⁶
794 993 829 1051 ut
845 1005 922 1069 quae
938 974 1115 1068 prudentia
1125 983 1230 1047 corde

131 1096 334 1178 conceperit,
349 1114 389 1158 ea
403 1102 523 1158 sensa⁷
545 1098 678 1176 promat
693 1090 814 1155 oratio.
859 1088 926 1153 Sed
942 1087 1000 1152 at⁸
1026 1086 1133 1150 totius
1154 1103 1230 1147 cor·

128 1195 224 1279 poris>
242 1197 376 1261 habitus
401 1204 435 1259 et
458 1196 565 1277 figura
589 1195 810 1258 membrorum
836 1191 906 1255 alia
930 1189 1120 1253 conditione
1148 1193 1230 1249 sunt

128 1299 268 1378 optima,
290 1299 358 1362 alia
379 1299 502 1377 longe⁹
520 1297 649 1379 pejora.
694 1294 856 1359 Inferiore
878 1299 1056 1374 reguntur¹
1084 1289 1229 1372 optima-

127 1395 236 1458 tium²
261 1397 464 1479 praestantia,
483 1407 516 1459 et
538 1397 615 1479 ipsa
638 1395 854 1459 ministerium
882 1397 1056 1475 suggerunt
1068 1390 1228 1454 victuale.

127 1494 242 1559 Pedes
257 1495 400 1578 denique
413 1497 621 1560 humerorum
636 1502 752 1559 tenus³
774 1493 878 1577 capiti
893 1495 1061 1558 obediunt.
1107 1492 1157 1555 At
1172 1510 1228 1556 su-

127 1699 170 1760 las,
180 1700 272 1765 ipseque
290 1705 402 1752 evaderet.
418 1707 482 1752 totus
499 1717 635 1751 numerosus
651 1717 679 1750 uc
698 1701 807 1751 musicus.
842 1701 938 1750 Praeter
954 1701 1061 1763 linguam
1071 1699 1183 1748 additum
1193 1705 1230 1748 cst

126 1770 217 1825 septum
228 1766 343 1828 dentium,
354 1773 378 1815 et
389 1770 457 1815 decor
467 1766 542 1830 ipsius
552 1769 610 1828 oris,
619 1769 680 1829 quod
691 1767 784 1828 quiderm
797 1768 879 1814 dutum
895 1773 930 1815 est
942 1767 1028 1814 ceteris
1042 1764 1188 1814 animalibus
1197 1766 1229 1813 ad

126 1827 308 1878 subueniendum
319 1832 455 1880 necessitati
464 1833 551 1893 rictus,
562 1837 585 1879 et
596 1831 766 1893 suppeditanda
775 1830 888 1879 alimenta
899 1832 967 1879 aluo:
985 1834 1011 1879 at
1025 1831 1085 1878 illud
1096 1843 1230 1878 concessum

126 1897 164 1939 est
175 1894 265 1942 lomiai
275 1900 302 1944 ut
313 1901 375 1944 esset
383 1910 458 1958 peaus
468 1899 540 1944 rectae
552 1896 653 1943 rutiaar's
664 1902 688 1944 et
702 1895 815 1943 sermonis
822 1894 1001 1954 jucundissimi,
1010 1901 1038 1942 at
1052 1908 1126 1941 sermo
1143 1890 1229 1954 efferet

124 1955 179 2004 urm
189 1959 355 2019 cogitationes,
373 1975 431 2022 quas
443 1958 576 2006 Prudentia
586 1957 731 2016 summouit
747 1958 772 2004 ia
788 1960 890 2018 pectore.
928 1949 1014 2004 Verum
1032 1957 1144 2004 taluam
1156 1957 1229 2005 etium

126 2020 201 2068 totius
211 2023 314 2084 camuris
325 2022 436 2078 etsorma
446 2020 576 2080 stagnum
587 2026 630 2069 est.
665 2018 825 2069 Memlrmum
836 2020 943 2082 quadam
953 2021 1039 2069 labent
1050 2020 1165 2082 optineam
1175 2035 1229 2068 corr-

124 2083 245 2142 ditimem,
257 2087 363 2147 quadam
374 2085 460 2134 lubeat
470 2086 543 2133 mullo
557 2085 706 2133 deteriorem.
739 2085 799 2138 Quoe
810 2085 928 2132 deteriora
938 2088 1003 2144 suat,
1012 2084 1176 2145 gubernantur
1186 2097 1228 2132 ex·

124 2148 234 2196 cellentia
245 2149 374 2197 meliorum.
406 2150 485 2211 Atque
501 2149 705 2209 ipsasuaguatur
719 2150 793 2212 officio
805 2143 935 2197 nutriendi.
972 2148 1080 2210 Denique
1098 2166 1113 2196 a
1129 2148 1229 2210 pedidus

125 2225 198 2272 usqae
208 2213 239 2259 ad
249 2213 355 2260 humeros
366 2214 445 2261 emata
461 2212 563 2261 meralra
574 2218 659 2276 pareat
670 2212 751 2274 capiti.
785 2212 862 2260 Porro
873 2218 940 2275 septa
956 2214 1133 2275 superciliorum
1144 2213 1227 2273 desca-

109 2452 300 2501 'candisceret
332 2452 406 2502 Voss.
418 2466 581 2514 numerusque.
599 2451 719 2502 Oua-a
736 2453 809 2501 Totus
819 2453 876 2516 ipse.
893 2454 966 2502 Harl.
977 2454 1106 2515 ipsetatus.
1123 2455 1227 2504 Bened.

124 2517 200 2564 Voss.
217 2523 239 2565 et
256 2517 307 2579 ipse
325 2521 398 2566 tatus.
433 2517 515 2564 Bene.
534 2518 621 2565 lai-3
639 2517 752 2575 Margar.
765 2517 842 2566 Poit.
858 2518 954 2578 lingue.
971 2519 1082 2567 Colvius.
1115 2518 1179 2568 Scil.
1199 2522 1226 2570 in

124 2579 221 2629 dativo.
255 2581 350 2629 Contra
363 2582 427 2628 Mss.
439 2580 464 2628 id
482 2594 605 2641 recepere
616 2580 681 2629 Etru.
692 2581 774 2650 Seria
787 2582 856 2631 Ftor.
891 2581 999 2644 Optime
1011 2584 1110 2632 Bened.
1121 2583 1168 2632 leuc
1179 2585 1226 2634 lia·

121 2659 180 2704 gau.
199 2643 319 2693 Oua-t
332 2644 406 2693 Harl.
416 2643 516 2692 Bened.
526 2644 596 2692 oculi.
609 2644 697 2692 Id.-o
711 2645 833 2694 Hominis.
850 2646 950 2708 Malim,
958 2647 1056 2694 domiai.
1073 2648 1225 2698 Vulcanius.

123 2707 243 2756 Vulcanii
256 2709 436 2770 conjecturam
456 2716 540 2755 testor
558 2707 703 2756 confirmari
722 2709 804 2757 Fulvii
822 2724 949 2757 manuscr.
966 2711 1062 2758 lromr'm'.
1078 2712 1186 2774 Sciopp.
1198 2714 1226 2761 in

122 2771 211 2832 symb.
245 2772 336 2820 Mastia
356 2773 433 2819 Vulc.
452 2779 480 2820 et
500 2771 573 2819 Fnlr.
593 2773 695 2819 accedit
712 2773 829 2821 Floreat.
849 2781 926 2834 atque
947 2772 985 2820 ita
999 2773 1055 2835 jam
1076 2775 1225 2838 conjecerat

121 2836 199 2883 Stew.
234 2834 303 2884 Ante
315 2836 426 2885 Wower.
438 2835 564 2884 edebatur
575 2834 684 2883 luminis.
709 2835 910 2884 Besedlrumr'ar‘
924 2836 1064 2899 obprompt.
1097 2839 1151 2888 Pro
1162 2855 1224 2889 cem·

118 2903 232 2961 paratum
250 2900 323 2949 Voss.
342 2901 531 2961 comparandum.
550 2897 669 2947 oon-e
685 2899 745 2947 Vet.
763 2899 827 2947 edit.
838 2900 939 2948 rationis
949 2906 973 2948 et
983 2902 1130 2958 suavissima
1141 2905 1224 2953 datum

120 2969 165 3012 ert.
184 2962 298 3012 Cetrius.
330 2962 490 3011 Tioratr'oais
501 2962 605 3010 lacoon
618 2970 758 3025 agnoscunt
771 2964 839 3013 Edd.
852 2973 913 3012 ante
926 2964 1000 3015 dunt.
1017 2975 1082 3027 post.
1115 2968 1170 3016 Pro
1181 2971 1225 3019 da·

120 3030 171 3074 tum
182 3026 282 3076 Bened.
294 3028 388 3076 elatum.
406 3026 476 3074 Oud.
510 3026 620 3075 Casaub.
632 3026 663 3074 ad
677 3026 754 3088 Apol.
767 3043 793 3088 p.
805 3032 861 3076 411.
879 3028 928 3077 Ed.
940 3029 1009 3078 Ftor.
1021 3031 1104 3079 locum
1117 3032 1221 3082 citans:

120 3091 209 3139 lromim'
219 3091 389 3153 promtuarium
399 3094 528 3140 recitarat.
540 3096 564 3139 et
573 3105 639 3140 suar.
649 3096 710 3138 orat.
722 3106 749 3139 os
759 3092 841 3139 datum
852 3098 896 3152 est,
907 3091 1020 3142 fortasse
1031 3095 1113 3156 magis
1123 3095 1223 3145 Aucto·

119 3154 155 3202 ris
166 3168 266 3203 sensum
280 3169 354 3216 quam
374 3156 453 3204 verba
472 3154 504 3202 ob
523 3155 611 3203 oeulos
629 3155 726 3204 habuit.
759 3155 841 3212 Alias,
850 3155 872 3203 si
882 3171 908 3205 aa
920 3158 997 3205 Mstis
1010 3160 1112 3219 probari
1125 3169 1223 3225 posset,

120 3218 237 3280 apprime
250 3219 375 3280 placeret.
392 3220 419 3268 J.
431 3219 594 3268 Bormiae-⁷
613 3219 687 3267 Har-1.
702 3226 847 3280 conceperat.
880 3222 954 3268 Voss.
974 3224 1086 3285 coacepit.
1119 3224 1221 3276 Bened.

119 3283 251 3343 conceperit
269 3297 309 3330 eas
324 3297 374 3330 usa.
391 3283 509 3333 Oua-a
526 3282 600 3335 Harl.
618 3283 692 3331 Voss.
710 3289 738 3332 et
757 3282 824 3333 Edd.
842 3292 904 3332 ante
915 3285 1026 3333 Vulcan.
1040 3301 1097 3335 cum
1111 3289 1222 3338 Wower.

117 3360 169 3394 non
181 3347 320 3395 hubentet.
337 3345 429 3396 td.-o
445 3348 520 3395 Rom.
537 3353 563 3395 et
582 3348 643 3395 Bas.
661 3350 687 3395 2.
705 3346 822 3410 Reliquas
839 3354 908 3410 atque
925 3350 1001 3410 lorge.
1028 3351 1142 3401 Colvius.
1176 3354 1220 3403 Sic

117 3419 190 3459 recte
201 3411 265 3459 Mss.
278 3418 305 3459 ct
317 3411 383 3459 Edd.
393 3419 454 3460 ante
466 3412 583 3460 Etmcnh.
594 3410 711 3473 exceptis
724 3412 803 3461 Basil.
815 3412 841 3460 in
850 3412 942 3474 quibus
950 3420 1020 3476 atque
1028 3416 1044 3462 l.
1063 3416 1130 3463 unde
1140 3417 1220 3468 Stew.

19 3481 21 3487 '
118 3475 232 3536 conjecit
242 3476 345 3537 aliaque,
357 3475 424 3538 qnod
436 3475 503 3523 male
515 3484 605 3524 tacens
618 3475 728 3536 arripuit
740 3477 805 3524 Elm.
824 3483 852 3524 et
863 3490 935 3542 seqq.
955 3479 1066 3527 ond—l
1085 3481 1161 3530 Voss.
1175 3497 1220 3543 ge-

118 3544 213 3598 runtur,
223 3546 348 3602 reguntur,
360 3540 440 3588 ducta
451 3540 544 3587 lineola
563 3540 610 3587 sub
620 3544 744 3601 geruntur.
764 3540 853 3588 lut-s
873 3542 945 3589 Harl.
955 3550 983 3589 et
1001 3543 1068 3593 Edd.
1082 3552 1143 3593 unte
1156 3547 1219 3594 Vul-

119 3616 176 3650 can.
188 3606 334 3663 optimatum.
352 3602 443 3651 ld-a
464 3602 543 3651 num
564 3609 639 3652 teaus.
673 3603 772 3651 Omnes
791 3602 846 3652 fere
866 3605 924 3653 libri
941 3615 1059 3654 veteres:
1077 3608 1173 3657 lamera
1184 3616 1219 3658 te-

117 3679 171 3713 aus.
204 3667 292 3715 Satius
310 3675 398 3715 tamen
419 3667 498 3714 visum
514 3669 588 3729 sequi
602 3667 742 3730 vulgariam
763 3669 1015 3732 lectioncm‚utpote
1034 3671 1218 3734 simpliciorem

119 3737 145 3778 et
159 3727 308 3790 pleniorem.
330 3731 432 3779 Woruer.
469 3728 567 3781 Bened.
586 3731 653 3780 Edd.
673 3739 734 3780 ante
749 3732 860 3780 Valcan.
879 3734 941 3781 item
960 3735 1219 3787 wommmosmmr

118 3792 164 3842 sed
177 3795 250 3847 mate.
262 3793 505 3853 Auctorait,omnia
516 3795 631 3843 membra
640 3801 667 3844 et
679 3796 808 3854 uniuersa,
817 3797 863 3854 (de
873 3798 978 3859 singulis
987 3801 1219 3863 separatimaget,)

120 3857 152 3905 ab
164 3857 219 3908 itnis
231 3874 310 3921 usque
323 3861 354 3906 ad
367 3874 473 3918 summu,
484 3860 563 3921 capiti
577 3859 693 3920 obedire,
705 3868 733 3909 ut
746 3875 772 3922 p.
785 3864 841 3909 586.
858 3861 963 3910 ‘cetera
974 3865 1091 3912 nrenrbra
1101 3867 1218 3915 ancillari

117 3928 146 3969 el
158 3923 303 3974 subservire
315 3923 414 3989 capiri!
447 3922 500 3975 Sed
512 3938 558 3973 eur
566 3939 612 3974 uao
623 3925 737 3974 tumme?
772 3924 854 3973 Recte
866 3939 927 3989 ergo
940 3928 1006 3978 Mes.
1017 3929 1130 3979 Floreat.
1143 3930 1219 3980 Fulr.

611 4053 719 4106 NOTAE

376 4175 388 4201 ⁰
400 4167 517 4219 Deultum
528 4168 627 4232 uadum]
644 4169 760 4219 Homero
772 4167 838 4233 ἕρκος
849 4166 957 4220 ὀδόντων.
