2694 4710
187 298 271 363 1090
445 320 448 326 ·
511 311 622 361 neon.
645 309 693 359 ne
718 310 833 359 occu.
858 309 966 360 enar.
1033 320 1037 325 ·

187 456 222 521 id
234 464 373 538 prorsus
388 455 561 533 imbuere,4
584 460 622 520 ut
639 474 751 538 regere
766 464 801 520 et
816 457 884 538 regi
899 456 1031 519 discant
1045 454 1288 540 magistraque

187 561 272 624 titia.
316 556 433 636 Quare
448 564 571 640 praeter
592 563 704 620 cetere
722 557 837 622 induci
863 556 907 621 ed
932 557 996 620 hos
1018 576 1077 621 eos
1105 564 1286 639 oportere,⁵

186 669 227 726 ut
242 660 359 736 sciant,
375 680 452 743 quae
469 660 643 742 sequenda
656 659 879 742 fugiendeque
895 660 974 734 sint,
988 659 1131 722 honesta
1144 679 1235 736 esse,
1248 678 1288 721 nc

186 762 317 845 turpia:
339 760 399 824 illa
422 760 607 842 voluptatis
627 780 667 824 ac
682 760 817 840 laudis3
833 760 907 825 haec
922 766 1022 822 oero⁵
1047 759 1224 825 dedecoris
1246 778 1287 822 ec

185 858 427 948 turpitudinis.⁶
470 862 625 926 Honesta
647 863 763 926 eedem
786 883 862 945 quae
888 868 966 927 sunt
988 863 1104 937 hona,⁷
1120 861 1288 925 confiden-

185 976 237 1032 ter
260 971 377 1049 optere
400 982 462 1028 nos
486 970 648 1046 oportere.
692 964 775 1028 Tria
804 982 925 1046 genere
952 962 1155 1044 ingeniorum
1179 964 1224 1027 ab
1248 981 1288 1026 eo

186 1074 262 1132 sunt
277 1065 525 1148 comprehensa,
541 1085 678 1148 quorum
698 1072 862 1149 praestans
876 1069 911 1129 et
925 1063 1111 1147 egregium8
1134 1063 1290 1146 appellat

186 1186 310 1232 anum:
346 1166 498 1242 alterum,
528 1167 755 1231 teterrimum⁹
782 1168 1049 1249 pessimumque:
1081 1166 1218 1230 tertium
1245 1185 1289 1229 ex

186 1274 330 1350 utroque
356 1265 488 1330 modice
514 1272 756 1350 temperatum,¹
780 1267 925 1330 medium
947 1267 1165 1349 nuncupavit.
1211 1267 1288 1330 Me·

183 1461 215 1506 at
234 1458 327 1505 discant
341 1455 473 1516 gubernare
488 1458 512 1504 et
529 1456 661 1518 memori
670 1455 795 1518 AEquitate
806 1456 913 1506 reama.
947 1457 1048 1518 Ideoque
1064 1469 1102 1502 eos
1111 1451 1248 1516 praesertim
1261 1451 1291 1498 od

189 1521 216 1568 id
233 1521 384 1584 impellendos
403 1535 460 1582 esse,
471 1526 498 1568 at
508 1527 604 1568 uoaeaut
618 1537 670 1584 quoe
680 1525 787 1583 oporteat
796 1520 893 1581 sectori,
904 1523 928 1567 et
939 1535 991 1582 que
1007 1520 1106 1580 esitare,
1117 1520 1225 1581 qaedam
1242 1529 1291 1564 esse

187 1583 306 1645 Honesta,
317 1586 423 1647 qaedam
435 1585 580 1641 inumera·
596 1586 640 1632 illa
648 1600 698 1632 esse
707 1584 815 1642 jucundo
825 1589 848 1632 et
859 1586 953 1643 decoro,
968 1583 1019 1631 lec
1035 1588 1115 1631 autem
1132 1581 1249 1630 indecora
1263 1593 1291 1628 oe

186 1648 328 1697 inhonesta:
342 1648 408 1696 uehis
418 1650 548 1710 oppetenda
559 1663 608 1696 esse
618 1651 731 1696 audacter
740 1649 811 1696 Boua
822 1663 859 1708 ea,
870 1663 922 1710 que
932 1652 987 1695 suut
1000 1649 1115 1696 Honesta.
1146 1646 1290 1706 Complexus

189 1717 226 1760 est
235 1717 284 1760 tres
294 1712 383 1774 species
396 1712 554 1774 ingeniorum,
566 1727 664 1774 quarum
675 1727 747 1760 auam
761 1713 910 1760 excellentem
918 1717 987 1760 cocat
996 1711 1126 1759 eximiam:
1140 1711 1243 1757 allecem
1252 1709 1291 1755 de·

188 1777 309 1824 serenam
320 1780 344 1824 et
350 1776 493 1838 pessimam:
510 1776 606 1826 tertiam
616 1776 743 1839 appellauit
758 1776 932 1839 mediamque
950 1776 1099 1824 mediocriter
1113 1773 1193 1828 masa
1207 1778 1244 1822 eet
1260 1784 1291 1820 ee

186 2016 232 2064 sed
245 2031 260 2064 e
271 2017 334 2067 Mss.
346 2017 380 2067 Ο.
393 2023 420 2065 et
433 2015 498 2066 Edd.
510 2023 577 2067 vett.
589 2016 751 2066 exhibentur.
783 2015 890 2065 Scilicet
907 2015 1007 2078 optime
1019 2014 1147 2064 divinavit
1158 2013 1288 2063 stewech.

190 2081 225 2128 Ut
235 2087 351 2129 cauteres
361 2082 477 2130 uirtutum
488 2080 561 2130 uelint
572 2096 638 2137 essc,·
655 2080 758 2128 mambae
769 2085 793 2128 et
803 2081 881 2128 instit.
915 2080 998 2128 Abest
1008 2080 1037 2126 ah
1047 2085 1072 2128 et
1084 2094 1100 2127 a
1111 2080 1185 2127 Voss.
1198 2085 1228 2127 et
1241 2079 1290 2127 Be·

186 2145 247 2191 ned.
267 2145 380 2192 ond-4
397 2146 462 2193 Cum
475 2145 501 2193 in
519 2146 586 2192 Edd.
604 2150 664 2193 ante
676 2145 788 2192 Vnican.
806 2144 973 2192 exhiberetur
985 2143 1098 2203 inhibere,
1114 2142 1218 2205 Lipsiae
1230 2155 1290 2189 con·

182 2207 292 2269 jieiebat
304 2209 394 2256 eosdem
404 2208 438 2263 id,
448 2209 488 2269 lsc.
504 2209 550 2256 sed
570 2214 643 2256 recte
658 2207 786 2255 stewech.
803 2221 861 2254 cum
881 2207 972 2256 Colvio
991 2208 1129 2269 conjecere
1140 2207 1249 2264 iuduere,
1261 2213 1289 2253 ut

187 2270 313 2320 exhibent
325 2272 388 2319 Mss.
400 2271 434 2320 0.
452 2271 495 2321 Sic
506 2273 602 2320 iuduere
612 2271 639 2319 ia
650 2271 786 2335 discipliuae
798 2271 865 2319 Geli.
877 2272 895 2319 Ι.
909 2284 966 2320 xvi.
986 2284 1011 2319 c.
1031 2275 1056 2319 8.
1074 2272 1113 2320 ld.
1146 2270 1207 2318 vid.
1228 2271 1289 2318 Not.

186 2335 297 2383 Van—6
313 2336 358 2384 Sic
368 2335 496 2385 stewech.
509 2351 523 2384 e
536 2336 697 2398 conjectura,
708 2334 754 2384 sed
767 2342 794 2382 et
805 2336 869 2383 Mes.
882 2335 917 2383 0.
929 2335 1005 2383 Vulc.
1023 2335 1073 2383 Ed.
1091 2341 1119 2383 et
1134 2347 1205 2397 seqq.
1235 2332 1289 2381 An·

188 2399 513 2449 teaminusbeneccteros.
546 2400 595 2450 Ed.
611 2400 692 2448 Wow.
713 2403 813 2461 oportet.
845 2399 925 2447 Male.
959 2399 1026 2447 Num
1036 2403 1107 2461 palat
1117 2398 1191 2447 Plato
1202 2398 1245 2445 vel
1257 2397 1289 2445 si-

186 2463 246 2509 mile
258 2463 355 2526 ubique
367 2463 613 2527 subintelligendum
624 2472 680 2514 est:
698 2464 836 2513 utstatim.
856 2464 968 2511 Oua-o
986 2462 1181 2524 numismatis,
1195 2462 1289 2509 dedero·

180 2527 222 2574 ris
232 2540 260 2574 ac
269 2529 442 2590 clarmuntem
459 2528 508 2575 haec
517 2528 595 2576 laudis
606 2527 710 2575 honesto.
729 2527 797 2574 Mire
809 2527 863 2575 haec
877 2528 902 2574 in
915 2526 1028 2587 vulgatis
1038 2527 1183 2589 deprauata
1194 2532 1223 2573 et
1236 2532 1289 2572 tur·

178 2590 256 2648 hate,
276 2606 334 2653 quae
351 2592 497 2654 integritati
514 2607 567 2638 sirie
586 2591 751 2639 restituimus.
771 2591 871 2639 Wower.
906 2590 953 2640 Illo
969 2592 1057 2652 solapt.
1074 2605 1102 2638 ac
1116 2590 1213 2645 taudis5
1241 2589 1289 2636 lcec

180 2669 241 2703 cero
251 2655 304 2702 ded.
316 2670 344 2702 oc
355 2659 418 2717 turp.
451 2655 495 2703 Sic
508 2655 603 2716 optime
615 2656 682 2703 hunc
694 2656 777 2704 locum
788 2655 904 2704 exhibuit
915 2654 964 2702 Ed.
972 2654 1050 2703 Vulo.
1059 2669 1111 2703 sec.
1122 2668 1199 2717 quam
1209 2653 1287 2700 miror

177 2731 237 2765 >nou
249 2725 366 2766 secutum
378 2732 436 2767 esse
449 2718 566 2768 Eimeuh.
592 2719 714 2781 conjecit
725 2719 760 2766 ite
773 2732 875 2780 quoque
887 2719 926 2766 vir
937 2718 1031 2766 doctus
1043 2719 1069 2766 in
1082 2732 1165 2779 marg.
1175 2723 1204 2766 et
1215 2717 1289 2780 quasi

179 2781 219 2827 'de
231 2795 276 2828 suo
287 2780 414 2831 Floridns.
447 2781 562 2830 Scriver.
574 2782 656 2830 edidit
667 2784 709 2830 illa
720 2783 764 2830 ool.
775 2782 825 2829 hac
836 2783 914 2830 audis
920 2796 931 2838 ,·
948 2783 998 2830 hec
1007 2798 1063 2831 sero
1073 2784 1098 2832 d.
1131 2781 1183 2830 Sed
1195 2782 1234 2829 ite
1243 2783 1289 2830 tri·

179 2845 282 2906 .piicem
293 2843 357 2894 facit
368 2845 528 2906 divisionem,
539 2861 596 2894 cum
609 2853 708 2894 tantum
721 2853 814 2908 egetur
825 2845 857 2894 de
869 2847 965 2894 honesto
977 2854 1003 2894 et
1014 2847 1086 2908 turpi.
1120 2845 1286 2908 InterpoIate

179 2909 262 2956 nimis
275 2910 383 2958 Wouer.
401 2911 443 2958 illa
454 2911 499 2958 ool.
509 2911 563 2959 ded.
582 2925 610 2958 ac
625 2915 688 2972 turp.
699 2911 750 2958 luec
761 2910 846 2958 uadis.
880 2911 972 2959 Potius
984 2911 1094 2959 honeste
1106 2916 1159 2958 tam
1171 2911 1288 2972 volupta·

186 2980 239 3020 tern
252 2973 372 3023 videntur
384 2973 604 3036 comprehendere
617 2975 774 3022 sive-verum
792 2973 914 3036 gaudium
933 2989 966 3021 ex
984 2975 1082 3023 virtute
1100 2981 1196 3032 ortium,
1212 2989 1287 3037 quarn

179 3035 298 3086 laudem.
332 3039 397 3086 Mss-
411 3045 498 3087 tamen
510 3053 598 3087 omnes
614 3045 641 3088 et
656 3037 724 3087 Edd.
736 3036 783 3085 reli
802 3038 1119 3097 naehabent‚hach1adls.
1155 3039 1286 3098 Hactenus,

186 3104 228 3162 qo.
261 3099 303 3149 An
314 3099 401 3150 fuitac
412 3103 506 3160 laudis‚·
522 3104 598 3152 altero
609 3117 663 3150 vero
680 3104 722 3150 dt
739 3052 859 3150 Onia-⁷
877 3102 920 3150 Sic
937 3103 999 3150 Mss.
1018 3103 1052 3150 0.
1073 3109 1103 3150 et
1121 3103 1204 3151 tacite
1223 3103 1286 3150 Ehn.

185 3177 243 3212 cum
256 3178 327 3228 seqq.
344 3166 375 3214 In
388 3167 454 3215 Edd.
485 3167 598 3216 rioribus
608 3169 741 3228 eademque,
751 3181 821 3227 qaoe:
837 3166 905 3229 quod
918 3167 996 3215 etiam
1006 3180 1056 3214 non
1065 3165 1198 3228 displicet.
1217 3166 1286 3214 Id.—

185 3231 202 3277 S
218 3229 261 3277 Sic
274 3230 388 3277 Florent.
399 3238 425 3278 et
438 3181 504 3278 Eia.
515 3231 590 3280 liunt.
602 3236 670 3292 post.
681 3231 748 3280 Elm.
766 3243 797 3278 ac
809 3243 880 3294 seqq.
893 3229 918 3277 in
930 3231 1035 3292 reliquis
1047 3243 1097 3278 non
1110 3236 1247 3292 comperet
1257 3228 1284 3275 rh

184 3297 217 3339 et.
235 3292 325 3342 lat-e
342 3294 409 3343 Edd.
427 3302 487 3343 aitte
499 3295 576 3343 Vulc.
594 3308 646 3343 sec.
664 3293 825 3353 deterrimam,
838 3294 936 3342 solenni
949 3292 1109 3343 confusione.
1143 3293 1215 3342 Vide
1227 3293 1285 3340 Iud.

186 3355 239 3407 Pro
249 3357 346 3406 tertium
358 3358 425 3407 Edd.
439 3366 498 3407 ente
510 3359 621 3409 Vulcan.
633 3358 782 3420 tertiamque.
801 3356 886 3405 let-r
914 3359 956 3406 Ex
972 3364 1071 3421 utroque
1085 3357 1161 3406 suedia
1173 3362 1285 3418 tempera·

186 3425 244 3469 tam.
262 3421 450 3484 Corrigendus]
463 3437 496 3470 ex
507 3423 559 3471 Ms.
571 3437 601 3471 ex
611 3427 707 3484 atroque
716 3421 805 3476 madae
816 3426 887 3482 temp.
903 3421 1040 3483 Scioppius
1053 3421 1177 3484 inSymh.
1195 3422 1284 3469 Malim

185 3497 243 3532 cum
256 3487 288 3534 V.
300 3487 330 3534 C.
341 3501 371 3534 ea
381 3487 575 3548 tetraquemodice
584 3492 653 3550 temp.
670 3486 822 3534 Wowerins.
855 3486 928 3533 Ram.
941 3491 969 3533 et
980 3484 1042 3535 Aid.
1053 3491 1192 3547 eculeoque
1202 3486 1285 3544 media,

185 3549 261 3598 male.
282 3549 388 3598 Etmeuh.
408 3551 495 3598 'Beue
506 3551 612 3612 Sciopp.
625 3557 652 3598 et
663 3553 745 3599 Wow.
758 3563 815 3598 cum
834 3548 910 3596 Vuic.
929 3549 979 3597 Ed.
992 3563 1044 3598 sec.
1056 3556 1083 3598 et
1095 3562 1171 3613 seqq.
1182 3563 1286 3597 consen·

186 3612 311 3660 tientibus
329 3614 394 3662 Mus.
412 3614 486 3662 Fulv.
505 3615 621 3664 Florent.
639 3615 702 3665 Pur.
715 3614 789 3663 Voss.
821 3613 853 3660 In
864 3613 965 3664 Bened.
982 3619 1022 3665 est
1035 3613 1284 3678 modificetemporum.

682 3751 788 3802 NOTAE

216 3855 225 3878 ¹
240 3845 287 3896 ltla
297 3844 434 3908 voluptatis,
444 3839 471 3893 ac
480 3845 551 3909 [hac]
562 3846 652 3896 laudis:
664 3806 733 3895 lael
755 3852 849 3906 torum,
859 3851 886 3895 et
896 3846 1029 3908 Turpium.
1052 3843 1158 3894 Deinde
1170 3843 1286 3892 Honeste

183 3935 247 3981 uero,
257 3920 310 3983 ise]
327 3920 623 3984 Censeoiegendumillo
633 3925 713 3986 solap-
754 3921 915 3983 voluptatem
930 3919 1025 3970 afferre
1038 3920 1110 3974 dicit,
1125 3926 1156 3967 ‘et
1174 3919 1285 3978 laudern,

184 3997 381 4047 tatisaclaadis:
398 3998 569 4061 haeveralfc.
585 3998 713 4047 duoeniru
752 3997 849 4080 Turpia
870 4011 939 4059 vero,
959 3997 1073 4046 dedecus
1097 4003 1124 4044 et
1147 3994 1285 4058 turpitudi-

184 4079 285 4121 tantum
302 4075 388 4135 posuit
407 4087 513 4136 genera,
524 4073 714 4136 sequendorum
753 4082 836 4122 nem.‘

184 4161 288 4210 nempe,
305 4154 332 4197 et
344 4147 535 4211 fugiendorum
546 4149 600 4196 sive
613 4147 713 4196 Hones-
