2694 4710
345 346 417 394 mu.
442 345 467 392 t.
491 336 650 392 srvuou
675 332 992 392 curiosusque.
1131 310 1218 390 1055

118 506 164 551 ex
179 486 301 568 quibus
316 485 451 549 ulterius
466 484 579 548 mundi
600 501 727 565 corpus
748 475 860 565 possit
881 501 967 547 esso.
1012 481 1066 548 Ad
1081 482 1154 547 hoec
1170 489 1219 548 ut-

119 589 245 652 tribute
258 575 312 650 est
336 585 393 650 ei⁶
412 593 578 669 perpetue
593 586 778 669 juventas,⁷
794 592 833 648 et
852 584 1017 648 inviolate
1037 582 1220 649 valetudo.b

120 691 238 772 quue
249 689 333 752 nihil
347 695 509 771 praeterea
523 691 729 751 extrinsecus
755 692 806 749 est
827 685 1006 763 relictum,⁸
1033 685 1125 768 quod
1146 706 1218 750 cor·

120 809 272 874 rumpere
288 793 406 872 posset
420 790 494 874 ejus
509 791 696 872 ingeniumt
718 795 753 852 ct
773 789 803 852 si
827 793 1042 871 superesset‚⁹
1062 805 1128 850 non
1143 794 1219 851 eum

120 892 266 970 laederet,
281 912 356 956 cum
371 892 417 955 ita
432 892 524 974 apud
545 910 582 955 se
604 910 648 954 ex
670 890 762 954 omni
783 895 878 971 purte
894 889 1104 971 compositus
1119 893 1221 972 utque

121 993 293 1056 ordinatus
307 991 406 1069 soret,
422 999 462 1056 ut
473 991 688 1056 adversantia
700 997 735 1054 et
756 991 923 1054 contraria
944 997 1096 1055 naturae¹
1119 989 1220 1056 disci*
1303 1013 1306 1016 ⁴

120 1094 289 1176 pliuaeque
304 1094 379 1178 ejus
395 1093 525 1157 officere
537 1113 603 1157 uon
618 1098 768 1178 possent.
813 1092 947 1157 Idcirco
971 1097 1079 1156 autem
1094 1091 1221 1174 persec-

121 1195 275 1258 tissimo²
290 1200 323 1258 et
337 1194 558 1277 pulcherrimo
572 1194 697 1257 mundo
710 1201 720 1240 ³
735 1194 837 1258 instar
849 1192 1000 1276 pulchros
1016 1198 1050 1256 et
1064 1193 1221 1275 perfectae
1306 1182 1309 1199 ¹

122 1297 266 1378 sphaeree
292 1297 383 1380 [578]
403 1301 431 1359 'a
452 1294 648 1359 fabricatore
666 1295 740 1358 Deo
760 1297 941 1378 quaesitum
956 1300 1018 1371 est,
1032 1302 1068 1357 ut
1082 1295 1125 1357 sit
1138 1293 1222 1358 nihii

116 1396 296 1476 indigens:
319 1396 380 1458 sed
395 1397 548 1478 operiens
563 1396 676 1458 omnia
686 1385 919 1477 ‘co‘crcensque
933 1395 1131 1471 contiueat*
1148 1394 1222 1476 pul-

123 1496 203 1560 cher
217 1501 250 1558 et
261 1495 481 1570 admirabilis,
497 1497 549 1560 sui
565 1496 710 1572 similis,⁵
726 1494 859 1578 sibique
873 1493 1090 1578 respondeus.
1122 1493 1222 1558 Cum-

122 1616 190 1680 que
206 1597 256 1661 illi
270 1603 395 1681 septem
410 1603 521 1660 motus
541 1598 693 1660 locorum
714 1595 958 1661 hubeurtturz⁶e
984 1615 1164 1679 processus
1187 1604 1223 1660 et

121 1771 169 1820 quc
178 1759 239 1808 eiius
248 1760 390 1822 occupassit
398 1772 533 1823 essemque
540 1757 751 1808 reeareetmenu
759 1772 789 1808 ex
796 1757 878 1822 quidus
884 1765 966 1821 corpus
973 1759 1071 1807 atterius
1077 1759 1140 1808 ordis
1146 1761 1223 1822 possit

121 1828 239 1872 emutare.
252 1824 375 1873 Praeteruu
384 1828 533 1872 concesserat
542 1821 777 1882 eaetmujmeutc
786 1829 810 1871 et
819 1824 928 1872 valetudo
936 1823 1128 1886 incorruptibilis.
1145 1823 1224 1885 Atque

121 1885 176 1935 ideo
187 1886 250 1936 citit
259 1889 367 1936 relictum
376 1893 411 1936 ert
421 1893 538 1950 pretereo
548 1891 617 1934 estro
628 1887 714 1947 ipsum,
726 1888 787 1947 quod
797 1892 874 1947 posset
886 1887 1027 1947 labefactare
1037 1887 1087 1946 qius
1097 1891 1224 1935 naturum:

122 1955 148 1998 et
164 1953 259 2000 tametsi
276 1953 385 2000 relictum
396 1957 467 2012 esset,
477 1963 523 1999 ros
534 1955 626 1999 noceret
642 1949 682 2005 ei:
697 1950 812 2012 siquidem
822 1950 856 1998 sic
872 1951 974 2012 undiqroe
984 1952 1126 1998 consitutum
1135 1965 1163 1998 uc
1173 1951 1224 2006 dis-

120 2013 213 2074 positus
223 2021 283 2064 ercet
299 2016 366 2064 iutro
383 2031 419 2076 re,
437 2019 466 2062 ut
483 2014 614 2062 inimicust
625 2013 722 2060 aduersu
733 2027 779 2060 uon
788 2019 882 2075 possent
891 2028 974 2062 nocere
984 2013 1034 2074 ejus
1045 2014 1155 2061 emolire
1165 2015 1225 2074 legi·

124 2077 176 2127 ors.
208 2079 263 2127 Ideo
275 2093 329 2127 cero
338 2094 354 2127 u
366 2079 420 2130 Deo
430 2083 535 2126 creatore
546 2075 688 2124 attributum
704 2082 741 2127 est
755 2079 840 2124 mundo
850 2077 1020 2126 absolutissimo
1031 2085 1055 2125 et
1066 2077 1224 2138 decorissimo,

124 2146 237 2204 torquem
245 2142 315 2203 giobo
324 2143 420 2204 prteltro
431 2147 454 2190 et
465 2141 572 2189 omnious
580 2141 629 2187 suis
639 2139 743 2188 numeris
753 2139 867 2201 «tetros,
876 2145 904 2188 ut
913 2141 979 2189 nulla
994 2156 1021 2189 re
1030 2147 1108 2201 egeat,
1115 2143 1154 2188 sed
1165 2157 1226 2189 com·

122 2208 240 2266 plectatur
250 2206 369 2266 euicere,
378 2212 459 2268 tegent
469 2220 506 2260 eo,
516 2210 540 2253 et
550 2203 677 2260 totidem
693 2205 790 2252 decursu
799 2209 823 2252 rt
833 2205 964 2263 mirandus,
974 2218 1063 2266 semper
1073 2206 1120 2253 stet
1130 2205 1225 2265 similis,

123 2283 153 2318 oc
169 2284 250 2319 urum
262 2270 407 2320 couveniens.
441 2269 510 2319 Hinc
520 2268 592 2317 etium
601 2268 707 2316 ecmtout
717 2266 744 2314 di
753 2272 842 2330 septem
857 2272 934 2317 emtus
949 2268 1065 2317 urorum.-
1079 2270 1224 2330 progressiu-

588 2406 770 2432 octennem

125 2508 153 2560 in
165 2506 268 2557 Timeeo
280 2508 342 2556 ibid·
376 2509 428 2556 Pro
446 2524 518 2572 neque
534 2509 603 2558 Flor.
622 2510 697 2558 Voss.
717 2509 793 2560 Vuic.
811 2509 888 2559 Harl.
903 2523 954 2559 tter.
972 2509 1092 2560 odd-o
1108 2512 1182 2560 Voss.
1202 2512 1226 2560 ei

125 2577 186 2621 uttr.
198 2577 242 2622 ert.
259 2573 349 2621 td.-r
366 2571 531 2633 Aiiijuoeutu.
563 2573 822 2633 Vulgojuceutus.-8
841 2574 940 2623 Bened.
956 2589 1006 2622 esre
1022 2577 1067 2623 rel.
1100 2575 1164 2622 Mox
1176 2576 1224 2634 q'us

124 2637 209 2696 irtgen.
222 2637 324 2684 inverso
336 2637 426 2684 ordine
438 2637 512 2684 Harl.
523 2643 550 2684 et
561 2637 637 2685 Voss.
657 2637 769 2686 Orod-9
785 2637 885 2686 Beued.
896 2639 931 2686 sis
941 2640 966 2684 ri
976 2639 1057 2686 etiam.
1075 2638 1163 2688 1d.-1
1181 2640 1228 2687 Sic

125 2700 202 2747 Rom.
214 2698 274 2748 Atd.
299 2698 361 2758 Alii,
372 2701 497 2749 concaua
507 2706 609 2749 nuturce
623 2699 733 2748 Celsius.
765 2701 827 2749 Bas.
839 2716 891 2750 sec.
904 2707 1005 2750 nutura:
1018 2703 1116 2750 vitiose.
1130 2703 1227 2750 ouo.-

126 2769 143 2811 2
167 2763 242 2812 Harl.
261 2768 286 2811 et
301 2765 364 2825 perf.
392 2764 482 2814 Iri-s
500 2764 552 2813 Alii
572 2765 648 2812 uodo.
663 2765 889 2814 'Elmeuirorstius
923 2766 996 2813 Fulv,
1013 2768 1088 2814 rrrcdu.
1106 2766 1227 2814 θοὰ-»4

126 2827 253 2890 Plerique
273 2828 325 2889 aiii,
345 2829 464 2878 emtione.
498 2828 676 2881 Basiieeusem
699 2836 852 2888 postremam
874 2828 915 2878 ed.
936 2831 1018 2878 secuti
1040 2828 1141 2878 fuimus.
1161 2831 1227 2878 Colo.

127 2892 203 2939 Voss.
214 2906 330 2939 coercens.
362 2891 766 2941 Edd.antev1rtcsn.conunua:
795 2894 849 2941 sin'e
870 2907 954 2942 seusu.
975 2894 1087 2942 ord—o
1105 2894 1147 2941 Sic
1162 2895 1226 2942 Mss.

125 2955 209 3016 ruique
219 2971 239 3003 s.
255 2955 323 3003 Edd.
335 2962 397 3004 oute
408 2957 475 3004 Elm.
492 2954 582 3004 tet-o
598 2955 665 3004 Hine
676 2955 713 3003 tut
721 2961 745 3004 et
756 2961 844 3019 septem
854 2963 909 3005 mot.
920 2958 962 3004 tor.
974 2957 1027 3004 tob.
1061 2957 1144 3005 Recte
1157 2958 1228 3005 Ftor.

127 3019 221 3067 deesse
232 3019 379 3081 suspicatos
391 3026 432 3067 est
444 3020 567 3067 voculam.
601 3020 654 3068 Sed
665 3020 691 3068 in
703 3019 754 3076 Ms.
764 3019 841 3070 Vulc.
853 3028 895 3069 est
905 3021 964 3068 illud
980 3026 1012 3082 et,
1028 3021 1053 3066 in
1066 3020 1140 3069 Heri.
1152 3022 1227 3069 Voss.

128 3090 158 3131 et
167 3082 282 3132 Florent.
292 3083 352 3130 illud
363 3083 445 3132 etism.
477 3083 566 3131 Scribe
578 3097 658 3146 ergo:
682 3082 749 3131 Hinc
765 3084 835 3132 iliud.
872 3083 977 3134 Etiamsi
989 3084 1029 3131 vel
1039 3084 1094 3131 ttiuc
1104 3084 1141 3132 tut
1157 3085 1228 3147 quod,

128 3146 232 3204 etiamsi,
242 3149 284 3208 tc.
307 3147 342 3197 V.
355 3148 457 3195 Platon.
472 3146 500 3194 in
512 3147 610 3195 Timaeo
627 3162 653 3209 p.
667 3151 739 3196 toto.
764 3147 821 3196 Loc.
833 3153 889 3196 mot.
903 3147 976 3196 Hori
989 3148 1066 3195 Voss.
1077 3162 1152 3196 sensu
1170 3161 1228 3211 per-

129 3211 230 3270 spicuo.
263 3211 311 3258 Est
329 3211 422 3259 relicta
437 3212 493 3260 iraec
505 3225 556 3258 una
573 3210 678 3272 mundo,
690 3212 792 3260 etiamsi
811 3215 835 3261 7.
852 3211 1101 3262 motushabeeutur.
1118 3212 1156 3260 ld.
1192 3213 1228 3260 Ut

127 3273 259 3323 edendum
268 3275 354 3324 curavi
365 3288 470 3338 emitque,
481 3274 569 3346 deleta
579 3273 670 3338 majori
681 3274 848 3324 distinctione
859 3285 917 3339 post
928 3281 1073 3338 torquentur,
1092 3273 1228 3337 legendum

626 3403 733 3457 Novit:

162 3499 174 3533 ¹³
191 3498 317 3550 Attributu
328 3501 397 3549 estet
411 3505 524 3563 perpetuo
536 3497 660 3563 jurentur,
699 3503 756 3552 illus
772 3509 857 3553 motus
875 3503 984 3566 species,
1001 3501 1147 3564 subjungit:
1165 3500 1229 3550 ‘sex

129 3580 155 3625 et
165 3576 278 3626 iuciolutu
288 3578 408 3639 valetudo]
424 3577 502 3625 Pisto
513 3576 657 3625 inTimaeo:
700 3578 874 3640 superioribus
896 3577 1017 3637 remotis‚’
1037 3581 1088 3626 dcc.
1110 3577 1160 3626 hoc
1173 3580 1230 3627 vult

130 3649 168 3700 ἔτι
180 3648 254 3700 cetra
264 3650 358 3714 &piper
368 3650 408 3701 nai
418 3650 502 3700 tusum
511 3647 536 3715 ᾖ.
700 3654 820 3703 scilicet:
838 3653 932 3713 Deum,
941 3652 1056 3717 quamvis
1068 3652 1119 3700 siut
1130 3661 1230 3715 septem

118 3768 124 3785 ,
163 3727 298 3789 ‘Cumque
315 3727 353 3776 iiii
372 3728 452 3791 [Hire
468 3727 505 3774 itu·
521 3724 557 3788 et]
573 3731 663 3788 septem
701 3734 784 3777 motus
794 3729 920 3788 locorum,
930 3728 1027 3775 nulium
1039 3741 1071 3775 ex
1083 3741 1129 3776 sex
1138 3728 1229 3789 priori·

131 3808 210 3850 motus
233 3803 335 3850 locorum
360 3801 501 3864 habeantur]
535 3801 661 3850 Existimo
701 3803 806 3868 bus‚qui
818 3817 865 3866 per
873 3803 954 3851 iiueus
966 3809 1050 3852 rectas
1061 3810 1231 3865 peraguntur,

131 3877 254 3926 omissam
269 3891 326 3926 esse
345 3876 536 3939 subjunctivum
548 3875 663 3939 particu-
702 3878 798 3927 mundo
811 3877 942 3938 tribuisse,
951 3877 1070 3940 quonium
1079 3877 1117 3924 iili
1129 3885 1230 3925 coutra-

131 3954 184 4002 iam
196 3967 256 4002 cum.
278 3953 371 4016 Itaque
380 3953 418 4002 sic
428 3952 551 4000 libentius
562 3951 664 4014 legem:
704 3954 756 4002 rios
764 3953 868 4015 habeut,
880 3968 895 4001 a
905 3953 997 4017 quibus
1006 3960 1114 4015 possunt
1122 3952 1230 4003 destrui.

131 4031 190 4080 hinc
208 4036 232 4079 et
248 4031 285 4080 stu
303 4037 390 4094 septem
402 4037 480 4080 motru
497 4033 599 4080 locorum
612 4046 664 4080 cum
704 4028 741 4078 At
748 4029 899 4078 circularem
908 4029 932 4075 ei
940 4027 1231 4091 assignassequiacon·

132 4108 276 4168 hodeautuq
283 4109 324 4169 te.
340 4109 520 4172 conjecturum
528 4120 610 4155 meam
620 4104 664 4153 tir·
704 4104 783 4154 trario
791 4103 891 4153 destrui
902 4117 953 4152 non
965 4111 1060 4168 potest,
1070 4119 1128 4154 cum
1138 4106 1193 4168 ipse
1204 4105 1231 4152 iu

132 4190 200 4246 met,
218 4183 296 4247 quod,
317 4189 376 4246 post
394 4190 557 4233 enumeratas
576 4194 664 4230 omues
702 4178 982 4244 seipsumrcvolvatur.
