2694 4710
362 318 434 365 um.
459 319 482 366 1.
506 318 591 366 srvu
616 319 665 366 nu
689 318 835 368 eureos.
861 320 1006 370 unrun.
1143 305 1231 371 1063

129 444 242 526 uenit.¹
276 461 361 527 Esse
377 469 489 525 autem
510 461 682 524 stellarum
703 461 916 526 nihilominus
933 468 1051 528 eertos
1071 462 1228 540 ambitus,

129 563 284 643 legitimis
298 564 472 626 curriculis
495 571 658 646 perpetuo
684 563 860 640 servatos,⁸
884 583 972 646 quos
987 565 1047 628 vix
1060 564 1232 627 hominum

131 665 270 728 solertia
285 664 551 746 comprehendit.
597 664 694 728 Unde
709 663 771 742 fito
792 673 830 728 ut
851 674 887 728 et
905 665 1049 747 Magnus
1063 666 1123 729 ille
1139 668 1234 730 voci·

129 771 223 830 tatus
249 774 374 831 annusz
402 765 503 829 focile
532 773 713 829 noscatur:
737 765 835 847 cujus
866 772 1001 848 tempus
1030 768 1230 848 implebitur,

127 887 206 930 oum
228 867 420 948 vagantium
444 867 616 956 stellarum
630 869 811 931 comitatus
827 867 869 929 ad
884 868 1022 930 eundem
1038 869 1230 950 pervenerit

128 968 237 1044 finem,
253 987 443 1050 novumque
458 969 524 1032 sibi
545 968 719 1031 exordium
741 974 774 1032 et
800 967 920 1032 itinere
947 988 1006 1050 per
1026 970 1101 1033 vias
1115 971 1229 1035 mundi

126 1069 358 1151 reparaverit.¹
404 1067 589 1134 Globorum
605 1089 684 1133 vero
700 1069 887 1133 ooelestium
903 1071 989 1134 inter
1004 1091 1042 1135 se
1066 1091 1231 1136 nexorum

123 1190 190 1254 ‚per
203 1172 298 1234 vices
311 1176 456 1247 mutuas,
472 1171 618 1234 omnium
643 1188 833 1251 supremum
858 1190 935 1234 esse
958 1191 1046 1248 eum,
1071 1174 1130 1254 qui
1144 1173 1231 1236 iner-

126 1271 249 1333 rabili²
272 1280 383 1334 meatu
407 1280 575 1336 censetur:
590 1279 604 1306 ⁸
625 1273 698 1354 ejus
723 1271 883 1354 amplexu
911 1280 1041 1336 ceteros
1071 1271 1229 1338 coerceri.

130 1370 174 1435 Et
195 1391 269 1435 esse
293 1369 432 1434 ἀπλανέσι
457 1373 601 1455 primum
616 1373 779 1449 ordinem,
803 1374 987 1438 secundum
1009 1373 1155 1438 Saturno
1171 1374 1230 1439 da-

126 1477 221 1550 tum,3
235 1473 258 1537 J
260 1474 315 1537 ori
329 1477 474 1552 tertium,
490 1474 660 1538 Madame
674 1481 829 1556 quartum
842 1481 965 1551 tenere,
980 1475 1130 1557 quintum
1141 1475 1231 1539 Mer·

124 1574 222 1635 eurio
238 1573 320 1649 dari,
336 1581 465 1636 sextum
481 1573 625 1638 Veneris
648 1594 735 1651 esse,
759 1574 938 1656 septimum
952 1576 1043 1639 Solis
1057 1576 1229 1641 itineribus

124 1673 285 1750 incendi,5
301 1681 459 1738 octavum
474 1675 582 1738 metiri
598 1674 741 1738 Lunam.
786 1672 941 1738 Exinde⁶
966 1675 1138 1738 elementis
1160 1676 1230 1740 om·

122 1850 245 1896 mirorum
261 1863 352 1912 semper
369 1849 501 1901 romulu
516 1848 714 1909 ourribarjurtir,
730 1862 787 1912 orror
803 1849 938 1898 intellectui
948 1849 1084 1898 mortalium
1093 1862 1157 1909 aegre
1167 1861 1229 1896 eom·

121 1910 247 1970 abutitur.
284 1914 353 1963 Unde
364 1916 441 1963 eoenr't
452 1919 478 1962 rt
489 1915 529 1962 ille
540 1929 617 1962 annm
626 1914 757 1973 appellatur
771 1927 871 1974 mugnus
889 1919 1044 1973 cognoscatur
1054 1911 1146 1970 sarilo:
1162 1910 1229 1970 cujas

122 1977 215 2036 lempna
230 1976 406 2039 adimplebitur,
423 1979 514 2040 qnando
531 1983 604 2026 cutus
619 1976 729 2024 Siderum
741 1976 872 2025 errantium
887 1979 1021 2038 peruenerit
1031 1979 1062 2024 ad
1073 1978 1170 2024 eundem
1180 1979 1229 2042 ter7

123 2037 223 2099 minum,
235 2046 259 2088 el
268 2042 437 2090 restauraverit
447 2042 493 2089 sibi
504 2056 590 2089 nouum
600 2041 705 2093 initium.
715 2045 739 2087 el
750 2054 821 2087 noour
832 2040 883 2087 aius
893 2055 935 2100 per
946 2044 1035 2088 meatu
1045 2040 1135 2088 mundi.
1160 2038 1229 2086 Inler

123 2100 193 2149 oron
203 2118 257 2152 reru
271 2106 384 2163 ooelerter,
400 2105 442 2167 qui
452 2105 499 2153 ribi
509 2104 610 2154 inuicem
621 2103 739 2151 ruberent
751 2103 850 2151 alternis
858 2103 966 2164 nexibus,
977 2105 1045 2151 illum
1053 2117 1102 2151 erre
1112 2117 1229 2151 summum

121 2165 236 2221 omnium,
252 2168 319 2227 orius
337 2183 419 2217 curnis
435 2169 525 2217 dicitur
543 2183 593 2216 ease
611 2168 699 2216 erroris
714 2181 814 2227 erpere:
831 2167 932 2229 reliquos
943 2167 1059 2216 contineri
1069 2166 1118 2225 ejus
1129 2165 1229 2214 omma.

124 2229 163 2275 Aa
177 2231 278 2290 primam
289 2233 381 2294 quidem
390 2233 496 2280 ordinem
507 2247 557 2281 esse
575 2230 663 2279 erroris
677 2235 804 2291 oronim
822 2232 947 2278 secuudum
961 2231 1104 2279 attributum
1121 2244 1171 2277 erae
1182 2229 1229 2277 Su-

122 2296 203 2350 romu,
220 2296 317 2343 tertium
327 2297 395 2354 davi,
407 2297 513 2344 Martem
523 2309 635 2356 occupare
643 2298 763 2355 quartum,
774 2294 880 2356 quintum
893 2294 967 2342 tribui
985 2294 1116 2350 Mercurio,
1133 2298 1227 2341 sexium

119 2368 178 2412 esre,
190 2356 295 2419 Venerio,
316 2361 439 2422 septimum
459 2358 604 2423 inflammari
619 2357 736 2405 meatibus
753 2356 825 2417 Solis,
842 2358 936 2422 Lunum
951 2371 1090 2420 percurrere
1108 2362 1226 2405 uotorum.

122 2594 302 2644 lectuli-8
321 2597 567 2646 Certae...rerooloe.
584 2597 652 2646 uad.
670 2602 731 2646 ente
746 2597 822 2646 lunt.
838 2603 936 2660 poster.
949 2602 1048 2646 eeteros.
1080 2596 1148 2645 Edd.
1166 2602 1227 2646 ente

122 2660 232 2707 Vulcan.
252 2663 361 2708 nerontis.
380 2660 472 2710 ld.-9
490 2662 556 2710 Edd.
570 2663 669 2726 aliquot
684 2662 725 2709 rit.
745 2661 833 2709 ld.—l
853 2661 952 2708 Bened.
970 2662 1104 2724 repararit:
1122 2667 1149 2709 et
1167 2658 1227 2710 niox

122 2724 200 2772 Voss.
221 2720 296 2771 Harl.
313 2738 427 2773 nexorum
446 2726 509 2774 inter
527 2725 668 2774 aeide-2
687 2725 767 2773 Basil.
788 2729 813 2772 2.
833 2725 995 2773 inenarrabili.
1012 2725 1227 2775 Elmenlrorrtino.

122 2787 189 2836 Mer.
207 2784 283 2837 Harl.
294 2787 367 2837 Voss.
383 2790 459 2837 Vulc.
479 2789 580 2836 Bened.
600 2789 760 2838 Erulum.
780 2796 848 2850 post.
870 2789 946 2837 Vule.
958 2790 1042 2838 Wow.
1063 2790 1227 2839 inenarrabili.

124 2851 278 2912 Perperuru.
313 2850 372 2900 Hoc
384 2853 451 2900 enirn
464 2854 561 2901 circulo
573 2859 646 2901 stent
657 2852 717 2900 fixus
735 2852 829 2912 stelles,
847 2866 897 2899 non
908 2852 1093 2901 errantes‘sire
1104 2853 1226 2913 ἀπλανεῖς,

122 2914 194 2976 qrrod
206 2913 265 2963 blac
278 2917 405 2977 requitur.
424 2918 538 2966 Onu-n
555 2917 662 2974 Ἀπλανῆ
678 2916 781 2978 primum
797 2917 849 2964 ord.
869 2930 915 2963 ser.
934 2917 1037 2964 Saturno
1055 2919 1142 2964 durum
1168 2917 1227 2967 Ald.

124 2979 251 3026 ἀπλανεῖς.
283 2979 334 3026 Sed
347 2981 425 3028 Plato
435 2981 507 3042 ipse:
525 2981 564 3041 Ἐξ
574 2979 602 3037 ἦς
613 2979 638 3029 δὲ
648 2983 693 3038 rire
703 2979 777 3028 airino
792 2978 891 3039 ’γέγονεν
902 2978 948 3028 ὅσα
959 2979 1053 3037 ἀπλανῆ
1069 2983 1118 3027 τῶν
1134 2979 1227 3043 ἄστρων

122 3039 184 3106 ζῶα,
194 3043 246 3089 θεῖα
256 3039 323 3100 ὄντα,
333 3044 372 3090 ital
383 3044 420 3093 ml
429 3045 507 3092 ταῦτα
517 3044 542 3092 iu
551 3045 631 3105 ταύτῷ
642 3043 790 3107 στρεφόμενα
801 3043 836 3092 lul
846 3041 918 3102 μ’ἔνει.
932 3044 998 3092 Colo.
1031 3046 1099 3093 Flor.
1110 3046 1222 3106 auarior.

125 3109 205 3154 mele.
226 3107 331 3155 Elureulr.
369 3109 559 3170 Benedoplan.
593 3110 669 3158 Heri.
683 3109 756 3157 valo.
768 3123 826 3156 cum
836 3108 1016 3157 Eddvicent.
1027 3107 1101 3158 Jnnt.
1113 3123 1153 3172 pr.
1165 3110 1226 3159 Bae.

121 3172 229 3232 aplanes.
262 3170 314 3218 Sed
327 3171 391 3219 Cod.
403 3173 520 3220 Florent.
532 3174 645 3235 apmrresi,
657 3180 686 3221 nt
698 3173 764 3221 bene
776 3172 893 3220 enotavit
912 3171 1085 3234 lindenbrog.
1097 3187 1147 3220 non
1158 3176 1225 3234 opla-

121 3234 676 3364 liulllll·tlllltltlli‘itttt
689 3233 1226 3362 *utilludilliniunt-⁰’22‘

122 3361 226 3410 cundns
239 3361 353 3422 Saturna,
362 3366 403 3425 be.
450 3364 564 3413 Perinde
576 3375 616 3414 est
629 3366 683 3412 sire
695 3364 796 3414 Graects
808 3365 863 3412 sive
879 3363 977 3412 Latinis
989 3365 1052 3412 reiis
1070 3365 1182 3413 scribere
1195 3363 1225 3411 li·

123 3427 205 3474 teris:
223 3439 283 3472 num
302 3426 386 3474 Latini
404 3427 429 3475 in
450 3428 489 3474 his
500 3429 601 3477 Graecis
616 3428 722 3477 vocibus
735 3429 851 3476 dativum
862 3442 962 3492 quoque
974 3426 1087 3476 formant
1099 3429 1123 3475 in
1135 3428 1170 3475 eei
1183 3428 1223 3476 vel

120 3489 172 3538 isi:
189 3495 218 3536 ut
230 3489 316 3538 multis
327 3490 540 3544 doretlleinsius
551 3493 583 3541 ud
597 3492 677 3542 Ovid.
687 3493 791 3554 aliique.
825 3492 891 3541 Vide
902 3494 933 3539 ad
947 3492 1014 3540 Met.
1027 3491 1071 3539 lib.
1084 3505 1116 3540 11.
1129 3507 1155 3554 p.
1166 3496 1223 3540 104.

120 3558 148 3600 ir.
169 3552 284 3601 out-4
304 3553 378 3601 llari.
400 3553 475 3602 Voss.
495 3555 595 3605 Bened.
615 3557 695 3605 donis.
720 3555 821 3604 Bened.
840 3556 915 3604 Voss.
932 3556 1032 3604 Martio.
1057 3554 1145 3604 let-r
1165 3554 1223 3603 Ma·

121 3617 188 3665 lim:
205 3617 319 3664 insuendi.
337 3618 490 3666 Woweriur.
513 3621 593 3669 Male.
629 3620 749 3668 Ardescit
760 3620 801 3668 hie
816 3619 927 3667 circulus
938 3619 1006 3667 Solis
1016 3620 1153 3669 mentibus.
1181 3619 1223 3668 In-

119 3679 191 3731 aendi
203 3688 273 3728 reete
286 3682 363 3729 anc.
375 3697 389 3729 e
401 3697 447 3731 suo
459 3682 558 3740 codice,
577 3684 618 3732 eui
634 3685 761 3733 secedant
775 3683 916 3732 Lindenbr.
929 3685 1005 3732 Voss,
1017 3692 1046 3733 et
1057 3682 1157 3733 Bened.
1191 3682 1222 3731 In

121 3744 201 3795 Harl.
210 3750 238 3793 et
256 3744 324 3793 Edd.
339 3746 465 3809 prioribus
473 3755 516 3796 est
527 3748 615 3797 incedi.
633 3747 752 3797 Onu-6
768 3749 844 3796 Voss.
855 3747 955 3798 Beued.
967 3753 1055 3798 orioro.
1088 3746 1224 3798 Benedet

615 3890 723 3941 NO'l'AE

154 3985 284 4043 ‘Magnus
294 3984 334 4032 ille
345 3985 462 4034 vocitatur
470 3987 557 4048 annia]
569 3987 653 4038 Quem
726 3993 738 4019 ²
759 3987 827 4045 Eum,
837 3988 877 4048 qui
886 3986 1007 4034 inerrabili
1019 3990 1221 4052 meotucensetur]

118 4059 654 4128 Platorineouluuurlruppellnt:lrooesr,
694 4061 793 4111 Coelurn
804 4062 992 4112 mustellarum
1004 4061 1133 4112 Fixerum.
1228 4117 1232 4121 .

116 4135 269 4201 perfeetum
281 4145 310 4186 ei
320 4139 464 4188 obuolutum
475 4153 578 4189 sunum,
616 4211 625 4222 ἠ
