2694 4710
304 322 377 370 mn.
402 322 442 371 ιι.
466 322 551 370 srva
574 322 625 370 nu
649 323 796 372 ramos.
822 325 911 372 uon.
1070 309 1156 374 1087

56 462 138 531 bus¹
154 471 282 530 etcum
297 466 424 530 rationo
450 485 498 530 ao
512 463 614 535 moda
628 467 820 533 viventibus
835 474 914 531 snut
929 487 1011 532 sane
1026 468 1156 533 Ιιοιιειε7

55 566 190 631 stolidis
206 571 240 629 et
263 584 379 630 corum
404 586 500 631 usum
526 568 756 649 ignorantibus
780 575 913 651 oportet
938 569 1031 632 asso⁸
1055 570 1157 635 mala.

57 668 192 743 Bonum
207 668 371 751 primum⁹
395 676 449 734 est
468 688 593 746 verum,
608 678 643 733 et
655 669 804 734 divinum
826 670 909 733 illud
924 671 1101 752 optimum,
1124 676 1158 736 ot

57 769 214 847 amabile,
236 775 270 833 et
294 771 614 852 concupiscendum,
640 771 737 854 cujus
759 767 1037 855 pulchritudinem
1054 773 1157 837 ratio·

56 870 189 935 nabiles
219 876 385 953 appetunt
412 878 555 949 mentes,
579 876 695 936 natura
725 872 823 950 duce,
846 871 1013 936 instinctas
1042 872 1157 937 eadem

57 971 151 1052 [596]
173 970 217 1036 ad
240 971 315 1054 ejus
339 971 511 1046 ardorem.¹
557 973 600 1037 Et
625 973 715 1056 quod
735 991 805 1036 uon
828 993 943 1037 omues
963 973 998 1037 id
1014 973 1157 1057 adipisci

56 1080 212 1155 queunt‚²
227 1093 337 1157 neque
350 1075 448 1157 primi
464 1074 545 1138 boni
560 1073 770 1158 adipiscendi
780 1071 1001 1141 facultatem*
1015 1085 1159 1158 possunt

56 1285 208 1336 extrinseca:
224 1302 276 1349 qua
286 1294 339 1350 poet
351 1287 421 1337 Bona
430 1293 486 1337 sunt
497 1287 539 1347 iis,
548 1289 590 1352 qui
604 1289 712 1352 ιαρίιιιιὶ,
720 1295 745 1339 et
754 1289 838 1339 nsunt
847 1292 973 1340 ιιισιιιιιίιιιιι
982 1297 1071 1341 rectam
1081 1287 1157 1338 ratio·

56 1363 123 1397 mm:
148 1366 239 1400 necesse
257 1358 336 1401 cutem
353 1357 389 1401 est
407 1367 457 1401 essa
467 1353 529 1402 mula
540 1354 630 1416 stultis,
646 1360 671 1403 et
683 1355 842 1404 nescientibus
852 1356 884 1404 iis
893 1359 956 1415 reete
967 1357 1012 1404 nti.
1045 1355 1158 1403 Primum

56 1413 179 1486 Bonorum
188 1420 222 1463 est
233 1416 294 1464 illud
303 1431 385 1464 verum
398 1421 422 1466 st
432 1417 548 1478 dioinmn,
557 1418 788 1480 prestantissimum,
799 1424 823 1467 et
834 1420 943 1479 amabile,
958 1425 982 1468 et
992 1420 1157 1483 appetendum,

57 1490 126 1534 orum
135 1493 213 1527 omnes
223 1480 309 1528 anima
324 1481 416 1529 ratione
425 1481 535 1542 praditoe
546 1487 659 1543 exoptant
675 1483 882 1545 pulchritudinem,
899 1484 994 1532 Natura
1013 1487 1159 1531 monstrante

56 1541 131 1600 mam,
140 1542 193 1605 ipsa
204 1545 297 1592 allecta
306 1545 338 1592 ad
347 1544 398 1604 eius
408 1559 519 1593 anwrem.
556 1546 619 1601 Quia
630 1551 708 1594 tamen
718 1562 766 1595 non
773 1553 873 1610 mount
884 1561 962 1596 omnes
970 1548 1030 1596 iliad
1041 1545 1160 1609 cumeani,

56 1618 130 1667 neque
137 1613 234 1669 possm
246 1607 331 1657 tabem
340 1609 432 1674 copton
441 1611 595 1674 consequendi
603 1611 677 1674 primi
687 1608 763 1675 Boni,
773 1614 873 1661 tendunt
882 1615 914 1660 ad
921 1612 990 1675 illud,
998 1613 1058 1676 quod
1068 1613 1159 1675 mactat

519 1753 700 1775 eunucu„

58 1850 265 1899 Elmeuh.eMs·
272 1850 360 1900 Ursini
373 1865 446 1914 seqq.
466 1865 568 1916 qnoque
584 1853 674 1916 legunt
692 1855 818 1902 scandum
836 1852 890 1900 rive
912 1849 983 1915 quasi
1003 1850 1081 1900 bona.
1115 1850 1158 1899 Ne

58 1915 158 1964 audias.
191 1915 243 1963 Vix
261 1916 329 1963 enim
348 1916 469 1963 Latinum
488 1922 538 1965 est.
570 1917 647 1965 Plato
665 1914 760 1966 δικαίοις
779 1915 818 1964 καὶ
838 1915 912 1965 ὁσίοις
929 1913 1025 1978 ἀνδράσι
1047 1916 1084 1963 ait
1101 1915 1159 1964 liceo

28 2002 30 2007 ·
57 1994 116 2028 esse
128 1977 212 2040 lipara
222 1977 340 2040 κτήματα,
359 1976 449 2028 dilston
464 1977 490 2026 δὲ
506 1977 616 2033 κάκιστα.
633 1981 732 2029 sitente
745 1980 843 2029 Colvio.
860 1981 948 2028 lan-s
965 1981 1041 2027 Voss.
1061 1992 1111 2026 esse
1121 1994 1160 2039 op.

57 2042 150 2091 Iun—³9
167 2043 299 2092 EdColv.
310 2044 420 2091 bonorum
430 2057 469 2106 pr.
487 2043 576 2091 ld.—l
595 2043 730 2093 Editiones
743 2053 794 2092 vet.
811 2045 935 2092 instructa
953 2045 1034 2090 eadem
1050 2043 1100 2102 eius
1119 2057 1161 2088 ar·

55 2109 122 2156 dore·
156 2106 234 2155 Unde
245 2107 379 2168 legendum
392 2107 491 2169 putavi,
502 2107 621 2156 instricta
632 2109 714 2157 eudem
724 2110 755 2156 ad
766 2108 815 2168 ejus
824 2109 877 2155 ord.
894 2114 923 2155 ut
932 2107 1023 2168 scripsi
1037 2120 1113 2168 supra
1125 2105 1158 2155 ad

57 2171 174 2221 libum.
197 2171 305 2219 Metam.
325 2172 391 2221 Coto.
423 2171 539 2219 Frustra.
565 2171 633 2220 Vide
644 2170 676 2219 ed
690 2172 754 2220 Met.
765 2172 809 2220 lib.
821 2185 887 2220 vrri.
905 2186 931 2234 p.
943 2175 999 2218 168.
1016 2172 1066 2218 Ed.
1084 2169 1158 2218 Prio.

57 2233 127 2283 Edd.
138 2242 199 2282 aute
210 2235 283 2285 Junt.
295 2243 363 2297 post.
375 2233 440 2283 dent
451 2236 548 2283 eandem
557 2235 608 2296 ejus
619 2237 712 2285 ardore.
735 2235 787 2284 Ms.
799 2235 900 2283 Bened.
913 2235 992 2284 eodem
1003 2234 1054 2296 ejus
1064 2235 1158 2283 ardore.

57 2298 143 2346 Abest
155 2313 256 2362 quoque
269 2299 419 2362 praepositio
431 2312 447 2346 a
459 2298 574 2346 Floreat.
585 2305 613 2348 et
622 2301 699 2348 Voss.
731 2298 806 2347 Adeo
818 2304 847 2347 nt
858 2301 941 2348 latere
958 2297 1055 2361 aliquid
1071 2298 1160 2346 uidea-

57 2371 109 2410 tur.
128 2364 241 2412 Oua-2
257 2364 294 2411 Et
305 2365 366 2425 quod
378 2375 457 2410 omnes
466 2362 568 2425 adipisci
578 2368 676 2426 queant,
686 2365 725 2425 iu.
744 2362 856 2412 Auctore
867 2363 917 2411 Ms.
929 2376 996 2410 nova
1007 2362 1049 2410 hic
1061 2358 1160 2411 facien·
1217 2384 1225 2391 ·

56 2426 91 2475 da
103 2434 145 2476 est
156 2427 290 2489 periodus,
304 2434 331 2474 et
343 2427 496 2487 legendum:
520 2427 555 2474 Et
570 2428 632 2488 quod
651 2442 698 2474 non
713 2442 792 2476 ornnes
808 2427 833 2475 id
851 2425 949 2488 adipisci
968 2430 1065 2487 queant,
1085 2439 1161 2487 neque

55 2491 131 2552 primi
141 2491 195 2538 boni
205 2492 353 2554 adipiscendi
362 2490 506 2550 facultatem
521 2496 621 2552 possunt
631 2491 726 2552 babere,
742 2495 773 2540 ad
789 2491 815 2538 id
826 2491 952 2551 suuntur,
962 2490 1023 2552 quod
1039 2488 1159 2537 bominum

56 2559 101 2603 est.
120 2555 224 2618 Sciopp.
236 2556 263 2603 in
274 2554 377 2618 Symb.'
399 2554 501 2603 Indicio
518 2556 570 2603 Ms.
586 2555 643 2603 haec
657 2555 817 2604 restituenda
828 2568 902 2603 novae
916 2553 1023 2616 periodo
1034 2558 1062 2600 et
1074 2553 1161 2615 legen-

58 2618 133 2667 dum:
152 2619 187 2667 Et
200 2621 260 2681 qnod
271 2635 316 2667 non
328 2634 406 2668 omnes
416 2619 442 2666 id
452 2618 553 2681 adipisci
564 2623 659 2681 quant,
671 2634 744 2682 neque
753 2618 827 2683 primi
837 2618 891 2666 boni
902 2617 1051 2680 adipiscendi
1055 2617 1162 2675 facultas

57 2688 215 2744 tempserunt
225 2683 317 2732 babere.
336 2682 487 2732 Wowerius.
521 2682 680 2732 Auctoribus
693 2684 845 2732 membranis
856 2697 948 2731 novam
961 2681 1001 2729 hic
1013 2679 1064 2729 feci
1077 2681 1161 2744 perio·

59 2746 131 2794 drrm.
149 2748 258 2796 Elmmb.
290 2745 442 2810 Scioppium
454 2755 482 2795 et
490 2747 603 2794 Wower.
614 2747 681 2796 bene
693 2749 774 2796 secuti
783 2755 843 2795 srrnt
853 2748 918 2795 Elm.
929 2755 957 2794 et
967 2760 1041 2809 seqq.
1052 2759 1161 2794 consen·

57 2810 186 2859 tieotibns
199 2812 262 2859 blas.
274 2812 390 2860 Floreat.
400 2810 476 2859 Vulc.
487 2812 562 2860 Voss.
573 2810 673 2859 Beued.
707 2811 742 2860 ln
752 2811 819 2860 Edd.
831 2811 930 2874 primis,
943 2810 1000 2858 ΑΜ.
1011 2811 1087 2860 dunt.
1099 2810 1160 2862 Bas.

59 2889 99 2936 pr.
109 2875 186 2923 Vulc.
198 2889 237 2934 pr.
248 2876 343 2936 siquod
353 2889 399 2923 non
410 2889 490 2923 omnes
500 2875 563 2936 adip.
574 2890 597 2936 q.
608 2874 649 2938 qai
664 2890 738 2937 neque
752 2875 834 2938 primi.
867 2874 905 2924 At
921 2872 995 2924 drrnt'.
1016 2881 1085 2935 post.
1101 2874 1162 2922 Bas.

60 2952 114 2987 sec.
128 2938 212 3001 Lugd.
225 2938 297 2987 Colv.
308 2940 349 2987 sed
360 2953 414 3001 qua
422 2953 470 2986 non
481 2953 560 2987 omnes
568 2939 632 3001 adip.
642 2955 666 3000 q.
677 2939 718 3002 qui
729 2955 753 2988 n.
763 2955 788 3003 p.
804 2939 853 2987 nisi
870 2938 938 3002 quod
956 2938 982 2986 iu
1001 2938 1075 2988 Jnnt.
1092 2944 1162 2999 post.

61 3003 129 3051 absit
140 3003 190 3067 qni.
220 3002 289 3051 Scal.
307 3003 362 3051 sive
372 3002 449 3052 vute.
462 3015 515 3052 sec.
526 3002 568 3050 ed.
584 3006 609 3051 et
623 3018 670 3052 non
683 3017 761 3053 omnes
772 3004 797 3052 id
807 3004 874 3068 adip.
884 3019 909 3065 q.
920 3003 960 3066 qni
977 3019 1001 3051 n.
1012 3017 1037 3064 p.
1056 3001 1162 3051 Oud-

555 3140 666 3190 NOTAE

89 3256 96 3288 ¹
115 3255 176 3310 Qua
193 3253 410 3317 emicationis]
435 3251 479 3301 Sic
497 3251 592 3300 Hiero·
631 3259 683 3314 est,
694 3250 798 3301 difficile
816 3265 873 3300 esse
890 3249 1005 3299 invenire
1020 3248 1162 3298 secundum

58 3344 151 3395 nyurus
169 3330 196 3377 in
212 3329 330 3378 Esaiam:
352 3327 534 3392 ‘perspicuum
550 3333 592 3376 est
632 3328 833 3391 Platonemjam
848 3327 1040 3376 observavimus
1058 3325 1102 3374 lib.
1120 3340 1162 3373 su-

58 3406 163 3455 divitias
182 3409 211 3453 et
231 3410 386 3466 egestatem,
404 3403 543 3450 sanitatem
563 3408 592 3451 et
632 3405 739 3468 periori,
750 3406 781 3452 ad
794 3402 961 3464 lraec'rlpuleii
974 3401 1053 3450 verba
1064 3398 1116 3448 θεὸν
1125 3399 1162 3447 εὑ-

57 3484 221 3542 langnorem,
240 3480 401 3543 voluptatem
417 3484 445 3527 et
460 3478 590 3527 cruciatus
631 3482 680 3546 ρεῖν
690 3499 717 3529 τε
728 3479 806 3544 ἔργον,
817 3483 866 3528 bro.
884 3478 930 3526 nbi
948 3477 1064 3525 Platonis
1082 3476 1161 3537 ipsius

58 3571 108 3607 nee
129 3556 198 3604 bona
219 3567 287 3616 esse,
310 3568 359 3603 neo
380 3553 455 3615 mala,
474 3553 520 3602 sed
542 3568 591 3616 pro
632 3557 713 3606 verba
724 3556 876 3619 protulimus
890 3569 923 3604 ex
936 3555 1042 3603 Timaeo.
1071 3554 1164 3609 Porro,

57 3631 240 3681 sustinentium
249 3630 400 3680 diversitate
408 3631 475 3678 bona
484 3635 512 3678 et
524 3631 591 3678 mala
631 3632 700 3696 quod
711 3632 753 3681 hie
762 3632 808 3688 ait,
818 3645 905 3679 veram
913 3630 1001 3692 utique
1010 3642 1067 3677 esse
1076 3635 1164 3690 potest

57 3707 134 3759 fieri!
155 3707 223 3756 Vide
234 3708 380 3770 Platonem,
393 3707 437 3754 lib.
449 3720 481 3754 ιι.
495 3704 528 3754 de
541 3705 591 3754 Le·
632 3710 665 3757 de
685 3709 806 3772 Paganis,
820 3708 863 3772 qui
880 3707 936 3756 veri
951 3705 1019 3754 Boni
1036 3704 1163 3767 cognitio·

57 3785 146 3848 gibus,
156 3798 218 3847 pag.
227 3787 286 3832 792.
631 3798 690 3832 uem
708 3783 803 3833 habere
826 3796 876 3831 nou
897 3787 1019 3845 poterant
1042 3780 1092 3829 nisi
1112 3793 1162 3842 ope

90 3860 204 3924 *Nepa
221 3860 293 3924 peina
314 3859 369 3909 boni
389 3857 537 3922 adipiscendi
548 3857 591 3918 fa·
632 3859 816 3924 Philosophia,
837 3858 880 3909 cni
907 3873 969 3908 sane
996 3871 1047 3905 nou
1073 3868 1163 3904 omnes

56 3937 181 4000 mitatem,
197 3937 253 4000 tu]
276 3936 441 3997 Quiaipsum
460 3940 592 3999 nequeunt
633 3935 817 3985 ernntidonei.
851 3934 889 3983 At
904 3932 936 3982 de
952 3927 1164 3982 christianum.

55 4023 266 4076 cognomenante
281 4012 390 4073 proinde
407 4025 491 4074 neque
510 4024 592 4074 appe·
632 4026 689 4061 snm
701 4018 750 4072 est,
762 4025 819 4060 oum
834 4007 1001 4072 stupidissimi
1016 4005 1112 4070 qrriqne
1130 4004 1166 4053 ad

56 4099 126 4153 tere,
147 4103 207 4138 oum
227 4087 310 4151 ignoti
337 4087 409 4137 nulla
430 4088 464 4135 sit
485 4085 592 4149 cupido.
631 4086 723 4135 ιιιιιιιιιί
746 4085 814 4134 illius
836 4085 902 4134 Boni
919 4083 1092 4149 cognitionem
1114 4094 1163 4144 ope

53 4168 148 4219 Deum
170 4171 267 4230 entem,
287 4164 332 4229 qni
347 4177 473 4215 summum
490 4163 595 4214 Bonum
631 4160 693 4211 tidei
706 4160 857 4212 evehantur.
