2694 4710
121 261 206 328 1048
440 278 553 326 seon.
580 279 628 327 nr
655 279 769 325 noers.
796 276 905 325 serr.

120 425 332 497 memoratur,
355 422 440 485 banc
468 442 535 485 non
560 443 633 486 esse
658 441 746 498 vere,
772 427 979 505 possumus4
1001 418 1143 485 dicere.t
1184 421 1227 488 Et
1265 489 1268 494 ,

117 524 235 605 primee
262 522 397 604 quidem
429 524 628 588 substantiae
659 523 713 587 vel
743 524 902 586 essentiae
934 521 1076 604 primum
1108 523 1224 586 Deum

121 630 223 700 esse,⁵
239 630 272 686 et
287 625 482 701 materiem,⁸
496 626 685 707 formasque
698 638 817 700 rernm,
832 629 865 688 et
885 624 1050 686 animam:
1066 623 1226 688 munde

122 725 327 803 substantiae,
343 727 457 789 omnia
476 744 553 808 queo
568 721 833 802 informentur,⁶'¹
848 730 1016 806 quaeque⁷
1033 723 1226 802 gignuntur,

122 810 155 890 ot
171 844 248 907 quae
263 827 306 889 ab
323 826 522 891 substantioe
538 826 717 909 superioris
731 826 887 908 exemplo
902 824 1063 905 originem
1077 823 1227 892 ducunt:

123 947 197 1009 quae
210 929 331 990 mutari
346 935 379 994 et
393 927 539 991 converti
562 933 714 1010 possunt,
735 927 895 1002 labentia,
919 933 954 987 et
978 924 1021 988 od
1044 924 1155 987 instar
1165 924 1241 989 flua

122 1027 249 1091 minnrn
263 1027 423 1110 profuga:
447 1027 571 1091 adhoc
587 1027 675 1105 illo,8
700 1047 799 1110 quam
822 1026 906 1104 dixi,
928 1024 1133 1105 intelligendi
1147 1027 1226 1089 sub-

122 1129 259 1205 stantie,
274 1129 432 1210 quoniam
456 1132 620 1194 constanti
643 1130 761 1193 nititur
780 1129 911 1204 robore,
935 1129 1059 1190 etiam⁹
1085 1145 1164 1209 qnee
1185 1126 1226 1189 de

123 1228 204 1292 iila¹
230 1228 455 1312 disputentur,
480 1232 609 1296 ratione
637 1232 751 1296 stabili
774 1239 808 1294 et
833 1229 898 1292 fide
916 1228 1018 1311 pleno
1044 1233 1134 1291 sunt.
1179 1225 1226 1291 At

124 1392 217 1439 modom
228 1390 270 1438 itte
285 1392 352 1451 prior
368 1389 458 1438 dieitur
469 1405 523 1439 nere
541 1391 655 1450 existere,
671 1392 707 1440 ito
724 1404 846 1452 possumus
861 1389 980 1453 offlnrrnre
997 1387 1056 1435 tone
1073 1385 1226 1448 posteriorem

123 1468 170 1501 nor
181 1469 234 1503 nere
244 1455 354 1503 existere.
387 1454 426 1503 Ar
434 1454 510 1517 primo
521 1457 613 1517 pridem
624 1457 702 1505 Derim
719 1469 767 1503 esse
776 1454 861 1516 priene
872 1451 1010 1501 substantie
1020 1466 1059 1499 seo
1072 1450 1192 1511 essentie,
1202 1455 1226 1498 st

125 1518 265 1581 Materiam,
276 1535 303 1567 os
310 1519 381 1567 Ideos
391 1533 478 1578 rernm,
489 1525 512 1567 et
524 1518 649 1568 Animam:
667 1521 775 1567 ssieorso
785 1533 840 1566 nero
852 1532 905 1579 qsoe
914 1531 945 1564 ex
955 1516 1129 1574 iissomnontsr
1139 1519 1164 1563 et
1175 1529 1227 1576 qm

123 1587 278 1643 generantur,
289 1589 312 1632 et
323 1598 375 1644 qoee
383 1583 411 1630 nb
420 1584 547 1645 archetypo
561 1584 691 1644 superioris
700 1583 840 1632 substantie
851 1587 929 1629 ortum
939 1580 1047 1637 troisset,
1057 1592 1106 1626 esse
1115 1581 1226 1626 secssdoe

125 1645 277 1695 sotnontioe:
294 1661 346 1709 pooe
357 1647 450 1709 podem
464 1651 561 1709 possum
579 1647 702 1696 immutari
712 1653 737 1696 et
753 1644 986 1708 orrentstuenrtn,
1001 1646 1025 1690 et
1030 1641 1155 1703 fugientio
1165 1655 1228 1689 more
1279 1645 1280 1652 ’

121 1709 253 1772 fluviorum
263 1726 271 1758 r
285 1710 372 1758 dmm
382 1712 426 1759 illo
436 1711 537 1759 essentis
551 1711 689 1772 intelligens
698 1716 727 1760 de
736 1726 781 1773 qno
790 1712 880 1758 toeotrn
889 1723 950 1765 snm,
961 1705 1127 1770 quiajotcitsr
1137 1705 1227 1754 virtute

119 1771 205 1835 firme,
214 1773 257 1822 itta
267 1789 354 1837 quoqne
364 1789 417 1837 ooo
427 1775 539 1823 dicontur
548 1777 577 1823 de
586 1775 648 1839 ipso,
656 1774 841 1840 nitsntnrfirrss
851 1772 952 1833 ratione,
959 1778 981 1820 et
992 1771 1067 1832 digna
1077 1773 1133 1818 stent
1144 1769 1226 1833 priter

127 1978 210 2028 Abest
220 1986 244 2029 et
256 1994 270 2028 e
283 1980 423 2030 Benedsir
433 1980 502 2031 Edd.
513 1981 571 2030 Vie.
583 1981 642 2030 Bos.
654 1981 743 2028 itt-4
761 1980 820 2028 Non
831 1986 904 2029 reete
916 1978 980 2029 satis
991 1978 1047 2027 sine
1058 1976 1226 2026 distinetione

121 2045 234 2106 jungunt
244 2058 299 2093 nere
305 2060 368 2106 poss.
401 2046 467 2093 Edd.
480 2060 560 2109 usqne
572 2045 603 2092 ed
616 2046 693 2093 Vnie.
705 2059 760 2093 sere
770 2059 816 2093 sorr
825 2059 890 2092 esse:
907 2044 976 2106 qnod
989 2057 1038 2090 non
1049 2042 1112 2090 nihii
1123 2041 1229 2101 clarius,

127 2110 172 2156 sed
185 2116 224 2156 est
236 2116 328 2157 eontra
339 2110 404 2158 Mss.
422 2110 510 2157 Id.—5
530 2109 605 2157 Har-i.
617 2111 697 2156 Deum
705 2123 745 2169 pr.
758 2109 813 2156 sine
824 2123 881 2156 esse.
897 2107 987 2157 ld.-o
1008 2107 1092 2168 Leges
1111 2120 1165 2168 pore
1175 2107 1229 2154 inde

121 2171 270 2230 formamur.
285 2173 438 2220 Wowerius.
473 2172 542 2234 Lege
559 2187 618 2220 cnm
636 2172 764 2220 Wowerio
783 2172 838 2220 inde
852 2172 999 2230 sornrontor.
1015 2170 1229 2218 Elmentrorstins.

129 2236 260 2283 Revereri
272 2241 435 2284 constantem
446 2236 512 2284 Mss.
525 2243 552 2283 et
565 2235 633 2283 Edd.
651 2235 799 2295 tectionem,
817 2250 894 2298 quem
908 2251 923 2284 e
942 2234 1093 2297 conjectore
1105 2232 1228 2281 Wowerii

146 2299 151 2309 .
186 2299 192 2310 .
639 2300 644 2311 .
940 2300 947 2326 ,
1086 2297 1111 2318 .,
1179 2298 1185 2309 .

126 2297 1111 2425 titttittt'ttit‘ttr‘tttttttst‘tttt.itterttt‘tttt.
1122 2304 1229 2422 titt?

129 2441 187 2474 eum
198 2427 292 2476 mntsri
305 2433 332 2475 et
343 2429 463 2476 converti
472 2427 576 2490 possit,’
593 2434 621 2477 nt
631 2429 687 2476 brec
699 2427 838 2490 descripsit
851 2428 959 2476 Auctor.
992 2426 1035 2474 Sic
1046 2425 1120 2488 Virg.
1136 2426 1154 2473 1.
1165 2438 1227 2474 vrrr.

128 2490 190 2539 ΙΕιι.ι
206 2507 243 2540 vs.
259 2495 317 2541 426.
335 2491 515 2541 ‘informatum
538 2491 657 2541 fulmenr'
675 2498 701 2540 et
721 2493 891 2555 paulopost:
909 2490 1066 2538 ‘informent
1082 2488 1230 2552 eiypeum:¹

128 2555 171 2602 nbi
184 2556 243 2604 vide
255 2570 346 2605 comm.
366 2558 478 2605 ond-t
497 2556 596 2604 Bened.
608 2571 667 2619 poce.
682 2555 774 2604 Id.—8
791 2555 908 2604 Pessime
920 2562 980 2605 ente
994 2553 1126 2604 Floridnm
1139 2553 1227 2618 (quem

127 2619 207 2667 miror
222 2635 254 2668 ne
273 2620 380 2668 verbnio
397 2620 500 2682 quidem
518 2620 551 2668 de
568 2636 614 2668 sna
632 2620 799 2668 distinetione
816 2619 960 2678 montrisse;
977 2619 1024 2666 nisi
1042 2619 1086 2677 sit,
1103 2618 1173 2681 qood
1185 2617 1230 2665 aiii

129 2683 186 2745 ejus
197 2684 319 2732 bonorem
331 2683 470 2744 invideret,
478 2690 506 2731 et
517 2700 589 2732 snnrn
599 2684 730 2732 inventurn
738 2687 840 2746 jactare
850 2697 902 2731 non
915 2697 992 2731 ansus
1004 2679 1096 2740 tuerit)
1105 2683 1164 2730 baec
1170 2683 1231 2744 jum

128 2747 259 2808 geberrtnr
279 2748 358 2809 priori
375 2749 432 2796 voci
448 2747 559 2810 profugo,
575 2755 603 2797 et
620 2756 679 2809 post
689 2748 824 2797 srrbstorrtr'o
835 2747 978 2809 ponebstnr
990 2746 1073 2809 major
1084 2746 1231 2804 distinctio,

129 2825 186 2859 cunr
199 2812 242 2859 ille
254 2810 288 2859 sit
299 2811 470 2861 nominativus
484 2812 556 2860 verbi
568 2813 662 2861 nititur.
695 2813 770 2860 Vidit
786 2813 811 2860 id
831 2820 858 2861 et
875 2811 975 2860 monuit
990 2812 1059 2858 Mer.
1071 2810 1180 2859 Cassnb.
1196 2809 1228 2858 ed

40 2915 49 2927 .
128 2874 216 2923 Leiirt.
229 2875 254 2924 d.
265 2877 283 2924 l.
295 2883 322 2924 et
333 2876 581 2925 Vulcaniuscsiarno
593 2879 625 2925 ad
637 2878 777 2938 marginem
790 2877 838 2924 Ed.
851 2877 924 2925 Colv.
936 2876 973 2923 sie
984 2875 1115 2924 distinxit.
1151 2873 1232 2923 Getes

129 2952 185 2987 rnm
193 2940 274 2988 odires
285 2939 379 2987 ibidem
390 2942 454 3003 legit
466 2941 576 2989 casaub·
586 2948 663 3004 stqne
671 2942 737 2989 Eim.
747 2941 773 2988 in
785 2941 844 2990 edd.
856 2945 884 2988 et
896 2940 979 2988 edidit
990 2939 1072 2987 Seriv.
1083 2939 1121 2986 sic
1133 2954 1161 3000 p.
1173 2942 1230 2986 stt.

128 3003 236 3051 ‘edbaee
247 3003 374 3053 attribute
385 3015 427 3054 est
438 3005 462 3052 ei
474 3011 603 3068 perpetue
614 3004 740 3067 juvente!
771 3006 862 3053 Malim
874 3010 960 3052 temen
971 3003 1045 3052 odbor
1056 3016 1113 3050 cnm
1132 3001 1229 3064 Lipsio.

129 3067 197 3115 Vide
207 3068 309 3115 omnino
319 3068 351 3117 ed
364 3069 430 3117 Met.
441 3070 457 3118 Ι.
470 3082 496 3116 ν.
508 3085 533 3132 p·
545 3073 602 3118 864.
614 3083 636 3117 e.
648 3084 706 3117 nem
719 3068 753 3116 ibi
765 3069 790 3116 in
803 3070 867 3116 Mss.
880 3067 983 3116 etEdd.
997 3067 1087 3115 eodem
1100 3064 1229 3114 confusio.

128 3130 183 3179 Pro
194 3147 265 3193 quom
275 3131 374 3180 Bened.
386 3148 440 3195 quo.
458 3133 548 3182 ld.-s
564 3135 609 3184 sic
621 3141 693 3182 reete
705 3147 720 3179 e
731 3133 846 3181 Florent.
857 3133 923 3181 Cod.
936 3131 1017 3180 edidit
1036 3132 1102 3180 Eim.
1115 3137 1141 3178 et
1157 3132 1232 3193 seqq.'

129 3193 269 3244 Accedunt
282 3197 344 3244 Mss.
356 3196 429 3244 Fuit.
441 3198 515 3246 Voss.
527 3205 554 3246 et
568 3198 641 3246 Harl.
673 3198 758 3258 Vnigo
771 3202 795 3245 et
813 3211 871 3244 eum
883 3197 935 3244 Me.
951 3195 1050 3244 Bened.
1063 3209 1122 3257 qne.
1138 3193 1230 3242 vocula

130 3258 193 3308 fecit
202 3261 269 3309 hune
281 3261 365 3310 iocum
377 3261 560 3324 obscuriorem,
578 3261 622 3325 qni
636 3275 704 3310 nunc
716 3269 755 3311 est
766 3260 934 3309 clarissimus.
952 3261 1039 3309 let-l
1058 3259 1100 3307 Sic
1112 3258 1231 3307 Florent.

624 3390 734 3441 NOTAE

158 3481 300 3534 ‘Hannon
310 3501 360 3536 esse
367 3501 430 3549 vere,
437 3499 559 3548 possumus
567 3485 657 3548 dicere]
731 3494 743 3529 s
763 3487 795 3534 Et
805 3485 929 3534 materiem
937 3480 1059 3548 [mentem]
1076 3481 1185 3543 Repone
1198 3493 1234 3528 ex

129 3559 256 3609 Nimirum
268 3576 319 3610 non
331 3563 536 3612 esseexistentio
547 3569 619 3610 eerts
630 3568 658 3611 et
698 3563 854 3611 membranis
876 3563 974 3611 Thoen.
996 3565 1019 3609 et
1039 3558 1176 3608 motertem:
1193 3558 1230 3606 sie

129 3634 224 3696 stabili,
235 3638 317 3700 qualis
331 3643 373 3687 est
389 3653 485 3698 rerum,
504 3652 568 3702 qnes
583 3652 658 3701 supe·
699 3639 766 3686 enim
791 3639 888 3685 habent
916 3637 986 3685 itiae:
1014 3635 1119 3683 motiem.
1153 3631 1237 3682 Ratio·

129 3711 183 3759 rior
200 3710 245 3759 iila
267 3713 380 3761 essentis
397 3713 589 3776 complectitor,
612 3712 659 3760 sed
698 3719 773 3784 petet
795 3727 828 3761 ex
851 3717 925 3760 texto
948 3712 1017 3772 ipso:
1042 3707 1139 3756 frustra
1162 3707 1233 3756 enim

129 3783 269 3834 existentia
285 3784 350 3834 adeo
368 3788 478 3845 incerto,
495 3787 561 3837 adeo
579 3786 660 3849 fluxa,
698 3802 758 3836 mox
768 3792 901 3849 repeteret
912 3791 936 3834 et
951 3785 1064 3845 animam,
1080 3788 1108 3831 et
1125 3796 1232 3831 enume-

130 3853 196 3907 adeo
208 3859 332 3917 instabili,
348 3866 380 3927 ,nt
394 3877 453 3926 qnae
465 3864 525 3912 hnic
537 3864 657 3913 secunde
698 3863 777 3912 rsndo
793 3861 920 3926 principia
939 3875 1026 3909 rerum
1042 3859 1109 3909 maie
1122 3860 1229 3908 omitte-

129 3935 247 3982 essentiae
264 3936 448 4000 attribuuntur,
464 3938 565 3987 seilicet
579 3939 658 3988 sensi*
700 3946 739 3988 ret
751 3938 899 3986 Materiam.

129 4007 193 4056 bilia
209 4009 252 4056 vix
268 4025 378 4074 unquam
395 4014 510 4062 existere
526 4012 578 4063 dici
601 4028 657 4078 pos·
730 4011 742 4044 ¹¹
759 4011 808 4070 Ins.
820 4012 887 4074 [inde
895 4009 1045 4072 formantur]
1063 4009 1115 4060 Mt.
1126 4010 1232 4063 Thoans

130 4083 191 4140 sint,
203 4083 249 4132 sed
262 4097 387 4150 perpetuo
401 4090 444 4138 vet
456 4097 605 4151 noscentur,
616 4093 657 4139 vel
696 4088 865 4157 informaretur.

129 4160 268 4211 intereant.
