<?xml version="1.0" encoding="UTF-8"?>
<!DOCTYPE html PUBLIC "-//W3C//DTD XHTML 1.0 Transitional//EN"
    "http://www.w3.org/TR/xhtml1/DTD/xhtml1-transitional.dtd">
<html xmlns="http://www.w3.org/1999/xhtml" xml:lang="en" lang="en">
 <head>
  <title>
</title>
<meta http-equiv="Content-Type" content="text/html;charset=utf-8" />
  <meta name='ocr-system' content='tesseract 3.04.00' />
  <meta name='ocr-capabilities' content='ocr_page ocr_carea ocr_par ocr_line ocrx_word'/>
</head>
<body>
  <div class='ocr_page' id='page_1' title='image "apuleiioperaomn03apulgoog_0023.png"; bbox 0 0 2694 4710; ppageno 0'>
   <div class='ocr_carea' id='block_1_1' title="bbox 118 310 901 376">
    <p class='ocr_par' dir='ltr' id='par_1_1' title="bbox 118 310 901 376">
     <span class='ocr_line' id='line_1_1' title="bbox 118 310 901 376; baseline -0.01 0"><span class='ocrx_word' id='word_1_1' title='bbox 118 310 205 376; x_wconf 78' lang='lat'>1042</span> <span class='ocrx_word' id='word_1_2' title='bbox 442 324 557 373; x_wconf 78' lang='lat' dir='ltr'><strong>arun.</strong></span> <span class='ocrx_word' id='word_1_3' title='bbox 580 324 629 371; x_wconf 84' lang='lat' dir='ltr'><strong>aa</strong></span> <span class='ocrx_word' id='word_1_4' title='bbox 655 323 769 370; x_wconf 86' lang='lat' dir='ltr'><strong>nocu.</strong></span> <span class='ocrx_word' id='word_1_5' title='bbox 795 320 901 369; x_wconf 77' lang='lat' dir='ltr'><strong>naar.</strong></span> 
     </span>
    </p>
   </div>
   <div class='ocr_carea' id='block_1_2' title="bbox 120 463 1224 651">
    <p class='ocr_par' dir='ltr' id='par_1_2' title="bbox 120 463 1224 651">
     <span class='ocr_line' id='line_1_2' title="bbox 120 463 1222 550; baseline -0.006 -17"><span class='ocrx_word' id='word_1_6' title='bbox 120 471 205 533; x_wconf 88' lang='lat' dir='ltr'><strong>ciem</strong></span> <span class='ocrx_word' id='word_1_7' title='bbox 219 466 435 543; x_wconf 74' lang='lat' dir='ltr'><strong>induendo,4c</strong></span> <span class='ocrx_word' id='word_1_8' title='bbox 456 468 624 550; x_wconf 83' lang='lat' dir='ltr'><strong>periectas</strong></span> <span class='ocrx_word' id='word_1_9' title='bbox 651 472 750 548; x_wconf 85' lang='lat' dir='ltr'><strong>atque</strong></span> <span class='ocrx_word' id='word_1_10' title='bbox 771 467 871 528; x_wconf 86' lang='lat' dir='ltr'><strong>etiam</strong></span> <span class='ocrx_word' id='word_1_11' title='bbox 895 463 1113 528; x_wconf 71' lang='lat' dir='ltr'><strong>admirabiles</strong></span> <span class='ocrx_word' id='word_1_12' title='bbox 1127 463 1222 528; x_wconf 80' lang='lat' dir='ltr'><strong>fecit.</strong></span> 
     </span>
     <span class='ocr_line' id='line_1_3' title="bbox 120 565 1224 651; baseline -0.005 -17"><span class='ocrx_word' id='word_1_13' title='bbox 120 568 222 634; x_wconf 89' lang='lat' dir='ltr'><strong>Multi</strong></span> <span class='ocrx_word' id='word_1_14' title='bbox 249 567 458 633; x_wconf 86' lang='lat' dir='ltr'><strong>auditorum⁵</strong></span> <span class='ocrx_word' id='word_1_15' title='bbox 476 565 573 651; x_wconf 80' lang='lat' dir='ltr'><strong>ejusd</strong></span> <span class='ocrx_word' id='word_1_16' title='bbox 596 571 772 650; x_wconf 89' lang='lat' dir='ltr'><strong>utriusque</strong></span> <span class='ocrx_word' id='word_1_17' title='bbox 793 574 915 631; x_wconf 72' lang='lat' dir='ltr'><strong>sexus⁰</strong></span> <span class='ocrx_word' id='word_1_18' title='bbox 943 566 979 629; x_wconf 92' lang='lat' dir='ltr'><strong>in</strong></span> <span class='ocrx_word' id='word_1_19' title='bbox 1002 565 1224 648; x_wconf 83' lang='lat' dir='ltr'><strong>philosophia</strong></span> 
     </span>
    </p>
   </div>
   <div class='ocr_carea' id='block_1_3' title="bbox 20 665 1223 751">
    <p class='ocr_par' dir='ltr' id='par_1_3' title="bbox 20 665 1223 751">
     <span class='ocr_line' id='line_1_4' title="bbox 20 665 1223 751; baseline -0.006 -15"><span class='ocrx_word' id='word_1_20' title='bbox 20 720 22 722; x_wconf 87' lang='lat'>-</span> <span class='ocrx_word' id='word_1_21' title='bbox 119 671 312 735; x_wconf 86' lang='lat' dir='ltr'><strong>floruerunt.</strong></span> <span class='ocrx_word' id='word_1_22' title='bbox 357 670 603 734; x_wconf 82' lang='lat' dir='ltr'><strong>Patrimonium</strong></span> <span class='ocrx_word' id='word_1_23' title='bbox 620 672 652 732; x_wconf 91' lang='lat' dir='ltr'><strong>in</strong></span> <span class='ocrx_word' id='word_1_24' title='bbox 667 668 825 747; x_wconf 86' lang='lat' dir='ltr'><strong>hortulo,⁶</strong></span> <span class='ocrx_word' id='word_1_25' title='bbox 839 669 898 751; x_wconf 88' lang='lat' dir='ltr'><strong>qni</strong></span> <span class='ocrx_word' id='word_1_26' title='bbox 913 665 1110 732; x_wconf 77' lang='lat' dir='ltr'><strong>Academiae</strong></span> <span class='ocrx_word' id='word_1_27' title='bbox 1120 668 1223 750; x_wconf 89' lang='lat' dir='ltr'><strong>junc-</strong></span> 
     </span>
    </p>
   </div>
   <div class='ocr_carea' id='block_1_4' title="bbox 118 767 1221 1462">
    <p class='ocr_par' dir='ltr' id='par_1_4' title="bbox 118 767 1221 1462">
     <span class='ocr_line' id='line_1_5' title="bbox 120 767 1221 852; baseline -0.005 -17"><span class='ocrx_word' id='word_1_28' title='bbox 120 772 257 849; x_wconf 83' lang='lat' dir='ltr'><strong>tusiait,</strong></span> <span class='ocrx_word' id='word_1_29' title='bbox 275 776 312 834; x_wconf 88' lang='lat' dir='ltr'><strong>et</strong></span> <span class='ocrx_word' id='word_1_30' title='bbox 325 770 359 832; x_wconf 94' lang='lat' dir='ltr'><strong>in</strong></span> <span class='ocrx_word' id='word_1_31' title='bbox 389 769 522 833; x_wconf 91' lang='lat' dir='ltr'><strong>duobus</strong></span> <span class='ocrx_word' id='word_1_32' title='bbox 542 771 727 848; x_wconf 87' lang='lat' dir='ltr'><strong>ministris,⁷</strong></span> <span class='ocrx_word' id='word_1_33' title='bbox 750 777 786 833; x_wconf 89' lang='lat' dir='ltr'><strong>et</strong></span> <span class='ocrx_word' id='word_1_34' title='bbox 814 770 847 832; x_wconf 90' lang='lat' dir='ltr'><strong>in</strong></span> <span class='ocrx_word' id='word_1_35' title='bbox 872 774 1002 852; x_wconf 88' lang='lat' dir='ltr'><strong>patera,</strong></span> <span class='ocrx_word' id='word_1_36' title='bbox 1022 767 1115 850; x_wconf 82' lang='lat' dir='ltr'><strong>qua⁸</strong></span> <span class='ocrx_word' id='word_1_37' title='bbox 1140 767 1221 830; x_wconf 90' lang='lat' dir='ltr'><strong>Diis</strong></span> 
     </span>
     <span class='ocr_line' id='line_1_6' title="bbox 118 865 1220 955; baseline -0.005 -19"><span class='ocrx_word' id='word_1_38' title='bbox 118 872 344 955; x_wconf 87' lang='lat' dir='ltr'><strong>supplicabat,</strong></span> <span class='ocrx_word' id='word_1_39' title='bbox 357 870 503 952; x_wconf 86' lang='lat' dir='ltr'><strong>reliquit.</strong></span> <span class='ocrx_word' id='word_1_40' title='bbox 549 869 634 933; x_wconf 84' lang='lat' dir='ltr'><strong>Auri</strong></span> <span class='ocrx_word' id='word_1_41' title='bbox 644 865 655 903; x_wconf 75' lang='lat' dir='ltr'>f</span> <span class='ocrx_word' id='word_1_42' title='bbox 667 875 805 945; x_wconf 87' lang='lat' dir='ltr'><strong>tantum,</strong></span> <span class='ocrx_word' id='word_1_43' title='bbox 821 874 981 951; x_wconf 86' lang='lat' dir='ltr'><strong>quantum</strong></span> <span class='ocrx_word' id='word_1_44' title='bbox 997 887 1081 951; x_wconf 89' lang='lat' dir='ltr'><strong>puer</strong></span> <span class='ocrx_word' id='word_1_45' title='bbox 1095 867 1220 931; x_wconf 90' lang='lat' dir='ltr'><strong>nobili·</strong></span> 
     </span>
     <span class='ocr_line' id='line_1_7' title="bbox 118 967 1220 1053; baseline -0.006 -16"><span class='ocrx_word' id='word_1_46' title='bbox 118 975 198 1037; x_wconf 87' lang='lat' dir='ltr'><strong>tatis</strong></span> <span class='ocrx_word' id='word_1_47' title='bbox 213 972 343 1053; x_wconf 85' lang='lat' dir='ltr'><strong>insigne</strong></span> <span class='ocrx_word' id='word_1_48' title='bbox 356 971 390 1032; x_wconf 90' lang='lat' dir='ltr'><strong>in</strong></span> <span class='ocrx_word' id='word_1_49' title='bbox 405 971 553 1034; x_wconf 83' lang='lat' dir='ltr'><strong>auricula</strong></span> <span class='ocrx_word' id='word_1_50' title='bbox 568 972 740 1053; x_wconf 70' lang='lat' dir='ltr'><strong>gestavit.⁸</strong></span> <span class='ocrx_word' id='word_1_51' title='bbox 784 971 939 1034; x_wconf 87' lang='lat' dir='ltr'><strong>Ceterum</strong></span> <span class='ocrx_word' id='word_1_52' title='bbox 960 977 1027 1034; x_wconf 88' lang='lat' dir='ltr'><strong>tres</strong></span> <span class='ocrx_word' id='word_1_53' title='bbox 1049 968 1151 1052; x_wconf 85' lang='lat' dir='ltr'><strong>ejus⁹</strong></span> <span class='ocrx_word' id='word_1_54' title='bbox 1176 967 1220 1031; x_wconf 87' lang='lat' dir='ltr'><strong>ad</strong></span> 
     </span>
     <span class='ocr_line' id='line_1_8' title="bbox 119 1071 1221 1155; baseline -0.005 -16"><span class='ocrx_word' id='word_1_55' title='bbox 119 1074 273 1139; x_wconf 90' lang='lat' dir='ltr'><strong>Siciliam</strong></span> <span class='ocrx_word' id='word_1_56' title='bbox 288 1071 455 1136; x_wconf 88' lang='lat' dir='ltr'><strong>adventus</strong></span> <span class='ocrx_word' id='word_1_57' title='bbox 480 1074 560 1137; x_wconf 88' lang='lat' dir='ltr'><strong>mali</strong></span> <span class='ocrx_word' id='word_1_58' title='bbox 575 1073 732 1155; x_wconf 89' lang='lat' dir='ltr'><strong>quidam¹</strong></span> <span class='ocrx_word' id='word_1_59' title='bbox 756 1081 907 1154; x_wconf 90' lang='lat' dir='ltr'><strong>carpunt,</strong></span> <span class='ocrx_word' id='word_1_60' title='bbox 928 1072 1070 1135; x_wconf 85' lang='lat' dir='ltr'><strong>diversis</strong></span> <span class='ocrx_word' id='word_1_61' title='bbox 1086 1071 1221 1152; x_wconf 90' lang='lat' dir='ltr'><strong>opinio-</strong></span> 
     </span>
     <span class='ocr_line' id='line_1_9' title="bbox 118 1173 1219 1256; baseline -0.003 -17"><span class='ocrx_word' id='word_1_62' title='bbox 118 1176 219 1239; x_wconf 88' lang='lat' dir='ltr'><strong>nibus</strong></span> <span class='ocrx_word' id='word_1_63' title='bbox 236 1174 467 1238; x_wconf 84' lang='lat' dir='ltr'><strong>disserentes.²</strong></span> <span class='ocrx_word' id='word_1_64' title='bbox 510 1176 602 1254; x_wconf 83' lang='grc'><strong>[571]</strong></span> <span class='ocrx_word' id='word_1_65' title='bbox 628 1175 696 1239; x_wconf 85' lang='lat' dir='ltr'><strong>Sed</strong></span> <span class='ocrx_word' id='word_1_66' title='bbox 719 1174 776 1237; x_wconf 87' lang='lat' dir='ltr'><strong>ille</strong></span> <span class='ocrx_word' id='word_1_67' title='bbox 801 1173 908 1256; x_wconf 90' lang='lat' dir='ltr'><strong>primo</strong></span> <span class='ocrx_word' id='word_1_68' title='bbox 930 1173 1079 1237; x_wconf 79' lang='lat' dir='ltr'><strong>historiae</strong></span> <span class='ocrx_word' id='word_1_69' title='bbox 1103 1175 1219 1253; x_wconf 83' lang='lat' dir='ltr'><strong>gratia,</strong></span> 
     </span>
     <span class='ocr_line' id='line_1_10' title="bbox 120 1273 1219 1356; baseline -0.005 -14"><span class='ocrx_word' id='word_1_70' title='bbox 120 1284 158 1342; x_wconf 82' lang='lat' dir='ltr'><strong>ut</strong></span> <span class='ocrx_word' id='word_1_71' title='bbox 171 1283 325 1341; x_wconf 88' lang='lat' dir='ltr'><strong>naturam</strong></span> <span class='ocrx_word' id='word_1_72' title='bbox 346 1276 473 1352; x_wconf 87' lang='lat' dir='ltr'><strong>AEtnae,</strong></span> <span class='ocrx_word' id='word_1_73' title='bbox 488 1283 524 1339; x_wconf 89' lang='lat' dir='ltr'><strong>et</strong></span> <span class='ocrx_word' id='word_1_74' title='bbox 537 1275 691 1340; x_wconf 89' lang='lat' dir='ltr'><strong>incendia</strong></span> <span class='ocrx_word' id='word_1_75' title='bbox 705 1274 846 1339; x_wconf 89' lang='lat' dir='ltr'><strong>concavi</strong></span> <span class='ocrx_word' id='word_1_76' title='bbox 861 1275 986 1339; x_wconf 88' lang='lat' dir='ltr'><strong>montis</strong></span> <span class='ocrx_word' id='word_1_77' title='bbox 997 1273 1219 1356; x_wconf 78' lang='lat' dir='ltr'><strong>intelligeret:</strong></span> 
     </span>
     <span class='ocr_line' id='line_1_11' title="bbox 120 1375 1220 1462; baseline -0.001 -19"><span class='ocrx_word' id='word_1_78' title='bbox 120 1378 280 1455; x_wconf 87' lang='lat' dir='ltr'><strong>secundo,</strong></span> <span class='ocrx_word' id='word_1_79' title='bbox 295 1378 400 1460; x_wconf 88' lang='lat' dir='ltr'><strong>petitu</strong></span> <span class='ocrx_word' id='word_1_80' title='bbox 428 1375 607 1462; x_wconf 76' lang='lat' dir='ltr'><strong>Dionysii,¹¹</strong></span> <span class='ocrx_word' id='word_1_81' title='bbox 622 1384 661 1442; x_wconf 88' lang='lat' dir='ltr'><strong>ut</strong></span> <span class='ocrx_word' id='word_1_82' title='bbox 684 1377 909 1460; x_wconf 87' lang='lat' dir='ltr'><strong>Syracusanis</strong></span> <span class='ocrx_word' id='word_1_83' title='bbox 932 1377 1121 1453; x_wconf 86' lang='lat' dir='ltr'><strong>assisteret,</strong></span> <span class='ocrx_word' id='word_1_84' title='bbox 1144 1396 1220 1459; x_wconf 90' lang='lat' dir='ltr'><strong>pro·</strong></span> 
     </span>
    </p>
   </div>
   <div class='ocr_carea' id='block_1_5' title="bbox 116 1559 1222 2071">
    <p class='ocr_par' dir='ltr' id='par_1_5' title="bbox 116 1559 1222 2071">
     <span class='ocr_line' id='line_1_12' title="bbox 118 1559 1221 1624; baseline -0.001 -15"><span class='ocrx_word' id='word_1_85' title='bbox 118 1559 278 1610; x_wconf 74' lang='lat' dir='ltr'><strong>certissimam</strong></span> <span class='ocrx_word' id='word_1_86' title='bbox 285 1559 376 1619; x_wconf 81' lang='lat' dir='ltr'><strong>faciem</strong></span> <span class='ocrx_word' id='word_1_87' title='bbox 386 1561 499 1610; x_wconf 67' lang='lat' dir='ltr'><strong>immanis</strong></span> <span class='ocrx_word' id='word_1_88' title='bbox 509 1559 632 1619; x_wconf 81' lang='lat' dir='ltr'><strong>majestate</strong></span> <span class='ocrx_word' id='word_1_89' title='bbox 641 1561 714 1624; x_wconf 84' lang='lat' dir='ltr'><strong>pleni.</strong></span> <span class='ocrx_word' id='word_1_90' title='bbox 748 1561 851 1610; x_wconf 80' lang='lat' dir='ltr'><strong>Plurimi</strong></span> <span class='ocrx_word' id='word_1_91' title='bbox 861 1575 891 1608; x_wconf 81' lang='lat' dir='ltr'><strong>ex</strong></span> <span class='ocrx_word' id='word_1_92' title='bbox 905 1561 956 1622; x_wconf 70' lang='lat' dir='ltr'><strong>ejus</strong></span> <span class='ocrx_word' id='word_1_93' title='bbox 965 1560 1086 1622; x_wconf 70' lang='lat' dir='ltr'><strong>discipulis</strong></span> <span class='ocrx_word' id='word_1_94' title='bbox 1097 1559 1221 1621; x_wconf 61' lang='lat' dir='ltr'><strong>urrunsa</strong></span> 
     </span>
     <span class='ocr_line' id='line_1_13' title="bbox 117 1623 1222 1687; baseline -0.004 -15"><span class='ocrx_word' id='word_1_95' title='bbox 117 1639 189 1672; x_wconf 79' lang='lat' dir='ltr'><strong>sexus</strong></span> <span class='ocrx_word' id='word_1_96' title='bbox 197 1624 257 1672; x_wconf 84' lang='lat' dir='ltr'><strong>clari</strong></span> <span class='ocrx_word' id='word_1_97' title='bbox 261 1623 363 1684; x_wconf 76' lang='lat' dir='ltr'><strong>faenrnt</strong></span> <span class='ocrx_word' id='word_1_98' title='bbox 373 1625 398 1672; x_wconf 90' lang='lat' dir='ltr'><strong>in</strong></span> <span class='ocrx_word' id='word_1_99' title='bbox 411 1624 573 1686; x_wconf 79' lang='lat' dir='ltr'><strong>Philosophia.</strong></span> <span class='ocrx_word' id='word_1_100' title='bbox 606 1624 790 1685; x_wconf 79' lang='lat' dir='ltr'><strong>Patrimonium,</strong></span> <span class='ocrx_word' id='word_1_101' title='bbox 806 1627 866 1686; x_wconf 80' lang='lat' dir='ltr'><strong>qriad</strong></span> <span class='ocrx_word' id='word_1_102' title='bbox 881 1625 1047 1687; x_wconf 79' lang='lat' dir='ltr'><strong>reliquit,fnit</strong></span> <span class='ocrx_word' id='word_1_103' title='bbox 1057 1625 1161 1683; x_wconf 59' lang='lat' dir='ltr'><strong>exigna</strong></span> <span class='ocrx_word' id='word_1_104' title='bbox 1169 1623 1222 1670; x_wconf 77' lang='lat' dir='ltr'><strong>liar·</strong></span> 
     </span>
     <span class='ocr_line' id='line_1_14' title="bbox 117 1687 1221 1751; baseline -0.002 -15"><span class='ocrx_word' id='word_1_105' title='bbox 117 1693 166 1748; x_wconf 85' lang='lat' dir='ltr'><strong>tas,</strong></span> <span class='ocrx_word' id='word_1_106' title='bbox 176 1688 216 1750; x_wconf 82' lang='lat' dir='ltr'><strong>qai</strong></span> <span class='ocrx_word' id='word_1_107' title='bbox 223 1689 381 1737; x_wconf 65' lang='lat' dir='ltr'><strong>contaminas</strong></span> <span class='ocrx_word' id='word_1_108' title='bbox 391 1693 443 1736; x_wconf 82' lang='lat' dir='ltr'><strong>erat</strong></span> <span class='ocrx_word' id='word_1_109' title='bbox 454 1688 597 1744; x_wconf 78' lang='lat' dir='ltr'><strong>Academia,</strong></span> <span class='ocrx_word' id='word_1_110' title='bbox 605 1694 630 1737; x_wconf 86' lang='lat' dir='ltr'><strong>et</strong></span> <span class='ocrx_word' id='word_1_111' title='bbox 640 1690 685 1737; x_wconf 81' lang='lat' dir='ltr'><strong>dna</strong></span> <span class='ocrx_word' id='word_1_112' title='bbox 690 1688 789 1750; x_wconf 77' lang='lat' dir='ltr'><strong>famuli,</strong></span> <span class='ocrx_word' id='word_1_113' title='bbox 796 1694 909 1737; x_wconf 83' lang='lat' dir='ltr'><strong>accrater</strong></span> <span class='ocrx_word' id='word_1_114' title='bbox 920 1704 964 1751; x_wconf 81' lang='lat' dir='ltr'><strong>quc</strong></span> <span class='ocrx_word' id='word_1_115' title='bbox 975 1689 1064 1737; x_wconf 79' lang='lat' dir='ltr'><strong>libabat</strong></span> <span class='ocrx_word' id='word_1_116' title='bbox 1070 1688 1139 1739; x_wconf 86' lang='lat' dir='ltr'><strong>Diis.</strong></span> <span class='ocrx_word' id='word_1_117' title='bbox 1169 1687 1221 1735; x_wconf 80' lang='lat' dir='ltr'><strong>Nec</strong></span> 
     </span>
     <span class='ocr_line' id='line_1_15' title="bbox 116 1751 1222 1815; baseline -0.001 -15"><span class='ocrx_word' id='word_1_118' title='bbox 116 1753 170 1815; x_wconf 83' lang='lat' dir='ltr'><strong>plus</strong></span> <span class='ocrx_word' id='word_1_119' title='bbox 181 1751 234 1800; x_wconf 80' lang='lat' dir='ltr'><strong>anri</strong></span> <span class='ocrx_word' id='word_1_120' title='bbox 250 1751 356 1813; x_wconf 84' lang='lat' dir='ltr'><strong>reliquit,</strong></span> <span class='ocrx_word' id='word_1_121' title='bbox 366 1766 436 1813; x_wconf 80' lang='lat' dir='ltr'><strong>qaam</strong></span> <span class='ocrx_word' id='word_1_122' title='bbox 455 1757 566 1813; x_wconf 80' lang='lat' dir='ltr'><strong>quantam</strong></span> <span class='ocrx_word' id='word_1_123' title='bbox 581 1752 687 1812; x_wconf 79' lang='lat' dir='ltr'><strong>gestavit</strong></span> <span class='ocrx_word' id='word_1_124' title='bbox 698 1753 725 1801; x_wconf 81' lang='lat' dir='ltr'><strong>in</strong></span> <span class='ocrx_word' id='word_1_125' title='bbox 735 1767 793 1802; x_wconf 78' lang='lat' dir='ltr'><strong>aare</strong></span> <span class='ocrx_word' id='word_1_126' title='bbox 808 1755 864 1801; x_wconf 79' lang='lat' dir='ltr'><strong>darn</strong></span> <span class='ocrx_word' id='word_1_127' title='bbox 880 1758 941 1802; x_wconf 83' lang='lat' dir='ltr'><strong>esset</strong></span> <span class='ocrx_word' id='word_1_128' title='bbox 949 1767 1017 1814; x_wconf 75' lang='lat' dir='ltr'><strong>puer,</strong></span> <span class='ocrx_word' id='word_1_129' title='bbox 1025 1754 1087 1815; x_wconf 78' lang='lat' dir='ltr'><strong>qaod</strong></span> <span class='ocrx_word' id='word_1_130' title='bbox 1101 1757 1155 1802; x_wconf 87' lang='lat' dir='ltr'><strong>erat</strong></span> <span class='ocrx_word' id='word_1_131' title='bbox 1167 1755 1222 1799; x_wconf 78' lang='lat' dir='ltr'><strong>sora</strong></span> 
     </span>
     <span class='ocr_line' id='line_1_16' title="bbox 119 1814 1222 1877; baseline -0.003 -13"><span class='ocrx_word' id='word_1_132' title='bbox 119 1815 170 1876; x_wconf 72' lang='lat' dir='ltr'><strong>eins</strong></span> <span class='ocrx_word' id='word_1_133' title='bbox 183 1814 324 1864; x_wconf 80' lang='lat' dir='ltr'><strong>nobilitatis.</strong></span> <span class='ocrx_word' id='word_1_134' title='bbox 358 1816 437 1864; x_wconf 80' lang='lat' dir='ltr'><strong>Porro</strong></span> <span class='ocrx_word' id='word_1_135' title='bbox 452 1815 547 1877; x_wconf 78' lang='lat' dir='ltr'><strong>qnidam</strong></span> <span class='ocrx_word' id='word_1_136' title='bbox 562 1816 661 1876; x_wconf 81' lang='lat' dir='ltr'><strong>maligni</strong></span> <span class='ocrx_word' id='word_1_137' title='bbox 672 1820 783 1864; x_wconf 78' lang='lat' dir='ltr'><strong>accusant</strong></span> <span class='ocrx_word' id='word_1_138' title='bbox 799 1820 849 1864; x_wconf 84' lang='lat' dir='ltr'><strong>tres</strong></span> <span class='ocrx_word' id='word_1_139' title='bbox 858 1816 908 1875; x_wconf 75' lang='lat' dir='ltr'><strong>&lt;ias</strong></span> <span class='ocrx_word' id='word_1_140' title='bbox 917 1817 1004 1865; x_wconf 72' lang='lat' dir='ltr'><strong>itiones</strong></span> <span class='ocrx_word' id='word_1_141' title='bbox 1014 1817 1040 1865; x_wconf 89' lang='lat' dir='ltr'><strong>in</strong></span> <span class='ocrx_word' id='word_1_142' title='bbox 1059 1815 1179 1874; x_wconf 80' lang='lat' dir='ltr'><strong>Siciliam,</strong></span> <span class='ocrx_word' id='word_1_143' title='bbox 1189 1815 1222 1861; x_wconf 85' lang='lat' dir='ltr'><strong>la-</strong></span> 
     </span>
     <span class='ocr_line' id='line_1_17' title="bbox 119 1878 1222 1942; baseline -0.002 -14"><span class='ocrx_word' id='word_1_144' title='bbox 119 1885 216 1942; x_wconf 77' lang='lat' dir='ltr'><strong>qnentes</strong></span> <span class='ocrx_word' id='word_1_145' title='bbox 227 1894 258 1927; x_wconf 79' lang='lat' dir='ltr'><strong>ea</strong></span> <span class='ocrx_word' id='word_1_146' title='bbox 268 1878 343 1926; x_wconf 81' lang='lat' dir='ltr'><strong>variis</strong></span> <span class='ocrx_word' id='word_1_147' title='bbox 358 1878 506 1938; x_wconf 74' lang='lat' dir='ltr'><strong>coniecturis.</strong></span> <span class='ocrx_word' id='word_1_148' title='bbox 543 1879 630 1928; x_wconf 82' lang='lat' dir='ltr'><strong>Veram</strong></span> <span class='ocrx_word' id='word_1_149' title='bbox 639 1879 765 1941; x_wconf 69' lang='lat' dir='ltr'><strong>inepriata</strong></span> <span class='ocrx_word' id='word_1_150' title='bbox 775 1880 820 1928; x_wconf 85' lang='lat' dir='ltr'><strong>icit</strong></span> <span class='ocrx_word' id='word_1_151' title='bbox 838 1885 935 1942; x_wconf 81' lang='lat' dir='ltr'><strong>propter</strong></span> <span class='ocrx_word' id='word_1_152' title='bbox 943 1880 1068 1928; x_wconf 75' lang='lat' dir='ltr'><strong>historiam</strong></span> <span class='ocrx_word' id='word_1_153' title='bbox 1078 1882 1222 1936; x_wconf 67' lang='lat' dir='ltr'><strong>antetulerit,</strong></span> 
     </span>
     <span class='ocr_line' id='line_1_18' title="bbox 118 1941 1222 2007; baseline -0.002 -16"><span class='ocrx_word' id='word_1_154' title='bbox 118 1949 146 1991; x_wconf 81' lang='lat' dir='ltr'><strong>at</strong></span> <span class='ocrx_word' id='word_1_155' title='bbox 162 1947 312 2005; x_wconf 80' lang='lat' dir='ltr'><strong>cognosceret</strong></span> <span class='ocrx_word' id='word_1_156' title='bbox 321 1948 433 1991; x_wconf 81' lang='lat' dir='ltr'><strong>natarum</strong></span> <span class='ocrx_word' id='word_1_157' title='bbox 447 1945 538 2003; x_wconf 80' lang='lat' dir='ltr'><strong>AEtnoe,</strong></span> <span class='ocrx_word' id='word_1_158' title='bbox 549 1948 572 1991; x_wconf 87' lang='lat' dir='ltr'><strong>et</strong></span> <span class='ocrx_word' id='word_1_159' title='bbox 582 1942 783 2007; x_wconf 82' lang='lat' dir='ltr'><strong>inflammationes</strong></span> <span class='ocrx_word' id='word_1_160' title='bbox 798 1944 885 1992; x_wconf 85' lang='lat' dir='ltr'><strong>mantis</strong></span> <span class='ocrx_word' id='word_1_161' title='bbox 899 1944 965 1992; x_wconf 77' lang='lat' dir='ltr'><strong>iilius</strong></span> <span class='ocrx_word' id='word_1_162' title='bbox 979 1944 1049 1997; x_wconf 76' lang='lat' dir='ltr'><strong>carri:</strong></span> <span class='ocrx_word' id='word_1_163' title='bbox 1065 1945 1167 1993; x_wconf 71' lang='lat' dir='ltr'><strong>serrendo</strong></span> <span class='ocrx_word' id='word_1_164' title='bbox 1178 1941 1222 1990; x_wconf 84' lang='lat' dir='ltr'><strong>ivit</strong></span> 
     </span>
     <span class='ocr_line' id='line_1_19' title="bbox 118 2006 1220 2071; baseline -0.005 -13"><span class='ocrx_word' id='word_1_165' title='bbox 118 2009 270 2058; x_wconf 73' lang='lat' dir='ltr'><strong>mcersitasa</strong></span> <span class='ocrx_word' id='word_1_166' title='bbox 283 2007 412 2071; x_wconf 74' lang='lat' dir='ltr'><strong>Dionysio,</strong></span> <span class='ocrx_word' id='word_1_167' title='bbox 421 2011 448 2056; x_wconf 83' lang='lat' dir='ltr'><strong>ni</strong></span> <span class='ocrx_word' id='word_1_168' title='bbox 458 2008 615 2071; x_wconf 77' lang='lat' dir='ltr'><strong>opitularetur</strong></span> <span class='ocrx_word' id='word_1_169' title='bbox 631 2007 879 2071; x_wconf 54' lang='lat' dir='ltr'><strong>Syracusanumque</strong></span> <span class='ocrx_word' id='word_1_170' title='bbox 892 2012 919 2056; x_wconf 84' lang='lat' dir='ltr'><strong>ai</strong></span> <span class='ocrx_word' id='word_1_171' title='bbox 930 2006 1030 2058; x_wconf 67' lang='lat' dir='ltr'><strong>dhaem</strong></span> <span class='ocrx_word' id='word_1_172' title='bbox 1045 2009 1110 2069; x_wconf 79' lang='lat' dir='ltr'><strong>leges</strong></span> <span class='ocrx_word' id='word_1_173' title='bbox 1126 2008 1220 2058; x_wconf 76' lang='lat' dir='ltr'><strong>arbium</strong></span> 
     </span>
    </p>
   </div>
   <div class='ocr_carea' id='block_1_6' title="bbox 581 2148 758 2172">
    <p class='ocr_par' dir='ltr' id='par_1_6' title="bbox 581 2148 758 2172">
     <span class='ocr_line' id='line_1_20' title="bbox 581 2148 758 2172; baseline -0.006 -4"><span class='ocrx_word' id='word_1_174' title='bbox 581 2148 758 2172; x_wconf 61' lang='lat' dir='ltr'><strong>‘numu</strong></span> 
     </span>
    </p>
   </div>
   <div class='ocr_carea' id='block_1_7' title="bbox 117 2247 1221 2632">
    <p class='ocr_par' dir='ltr' id='par_1_7' title="bbox 117 2247 1221 2632">
     <span class='ocr_line' id='line_1_21' title="bbox 118 2247 1221 2313; baseline 0 -13"><span class='ocrx_word' id='word_1_175' title='bbox 118 2255 168 2300; x_wconf 82' lang='grc'><strong>-4</strong></span> <span class='ocrx_word' id='word_1_176' title='bbox 184 2249 247 2311; x_wconf 87' lang='lat' dir='ltr'><strong>Alii,</strong></span> <span class='ocrx_word' id='word_1_177' title='bbox 257 2251 394 2300; x_wconf 85' lang='lat' dir='ltr'><strong>inducenda.</strong></span> <span class='ocrx_word' id='word_1_178' title='bbox 428 2249 509 2299; x_wconf 87' lang='lat' dir='ltr'><strong>Basil.</strong></span> <span class='ocrx_word' id='word_1_179' title='bbox 522 2247 584 2298; x_wconf 77' lang='lat' dir='ltr'><strong>Ala.</strong></span> <span class='ocrx_word' id='word_1_180' title='bbox 595 2254 622 2298; x_wconf 88' lang='lat' dir='ltr'><strong>et</strong></span> <span class='ocrx_word' id='word_1_181' title='bbox 634 2248 857 2313; x_wconf 79' lang='lat' dir='ltr'><strong>Romdedaccnda.</strong></span> <span class='ocrx_word' id='word_1_182' title='bbox 874 2249 1085 2298; x_wconf 83' lang='lat' dir='ltr'><strong>Elrnenharstius.</strong></span> <span class='ocrx_word' id='word_1_183' title='bbox 1113 2249 1159 2298; x_wconf 85' lang='lat' dir='ltr'><strong>Sic</strong></span> <span class='ocrx_word' id='word_1_184' title='bbox 1171 2249 1221 2300; x_wconf 74' lang='lat' dir='ltr'><strong>Mi.</strong></span> 
     </span>
     <span class='ocr_line' id='line_1_22' title="bbox 119 2312 1220 2374; baseline -0.002 -12"><span class='ocrx_word' id='word_1_185' title='bbox 119 2329 185 2362; x_wconf 81' lang='lat' dir='ltr'><strong>unus</strong></span> <span class='ocrx_word' id='word_1_186' title='bbox 196 2314 336 2365; x_wconf 90' lang='lat' dir='ltr'><strong>Lindenhr.</strong></span> <span class='ocrx_word' id='word_1_187' title='bbox 348 2314 422 2362; x_wconf 86' lang='lat' dir='ltr'><strong>Fulv.</strong></span> <span class='ocrx_word' id='word_1_188' title='bbox 433 2315 510 2362; x_wconf 87' lang='lat' dir='ltr'><strong>Voss.</strong></span> <span class='ocrx_word' id='word_1_189' title='bbox 523 2313 599 2362; x_wconf 84' lang='lat' dir='ltr'><strong>Harl.</strong></span> <span class='ocrx_word' id='word_1_190' title='bbox 610 2319 637 2361; x_wconf 84' lang='lat' dir='ltr'><strong>et</strong></span> <span class='ocrx_word' id='word_1_191' title='bbox 646 2313 723 2362; x_wconf 85' lang='lat' dir='ltr'><strong>Vale.</strong></span> <span class='ocrx_word' id='word_1_192' title='bbox 736 2327 795 2361; x_wconf 86' lang='lat' dir='ltr'><strong>eum</strong></span> <span class='ocrx_word' id='word_1_193' title='bbox 806 2312 873 2363; x_wconf 88' lang='lat' dir='ltr'><strong>Edd.</strong></span> <span class='ocrx_word' id='word_1_194' title='bbox 886 2314 952 2362; x_wconf 87' lang='lat' dir='ltr'><strong>Elm.</strong></span> <span class='ocrx_word' id='word_1_195' title='bbox 970 2316 1019 2362; x_wconf 71' lang='lat' dir='ltr'><strong>&amp;c</strong></span> <span class='ocrx_word' id='word_1_196' title='bbox 1032 2313 1057 2361; x_wconf 91' lang='lat' dir='ltr'><strong>in</strong></span> <span class='ocrx_word' id='word_1_197' title='bbox 1072 2312 1139 2362; x_wconf 83' lang='lat' dir='ltr'><strong>Edd.</strong></span> <span class='ocrx_word' id='word_1_198' title='bbox 1153 2315 1220 2374; x_wconf 87' lang='lat' dir='ltr'><strong>prio-</strong></span> 
     </span>
     <span class='ocr_line' id='line_1_23' title="bbox 119 2375 1219 2440; baseline -0.002 -14"><span class='ocrx_word' id='word_1_199' title='bbox 119 2379 190 2427; x_wconf 88' lang='lat' dir='ltr'><strong>ribus</strong></span> <span class='ocrx_word' id='word_1_200' title='bbox 203 2388 243 2427; x_wconf 87' lang='lat' dir='ltr'><strong>est</strong></span> <span class='ocrx_word' id='word_1_201' title='bbox 254 2380 397 2428; x_wconf 80' lang='lat' dir='ltr'><strong>deducendo.</strong></span> <span class='ocrx_word' id='word_1_202' title='bbox 431 2378 496 2426; x_wconf 85' lang='lat' dir='ltr'><strong>Mss.</strong></span> <span class='ocrx_word' id='word_1_203' title='bbox 508 2378 607 2425; x_wconf 83' lang='lat' dir='ltr'><strong>Thuan.</strong></span> <span class='ocrx_word' id='word_1_204' title='bbox 625 2375 724 2425; x_wconf 81' lang='lat' dir='ltr'><strong>Bened.</strong></span> <span class='ocrx_word' id='word_1_205' title='bbox 735 2377 883 2426; x_wconf 80' lang='lat' dir='ltr'><strong>inducenda:</strong></span> <span class='ocrx_word' id='word_1_206' title='bbox 899 2376 932 2426; x_wconf 87' lang='lat' dir='ltr'><strong>de</strong></span> <span class='ocrx_word' id='word_1_207' title='bbox 945 2391 996 2440; x_wconf 91' lang='lat' dir='ltr'><strong>qao</strong></span> <span class='ocrx_word' id='word_1_208' title='bbox 1008 2377 1065 2424; x_wconf 89' lang='lat' dir='ltr'><strong>vide</strong></span> <span class='ocrx_word' id='word_1_209' title='bbox 1078 2376 1111 2424; x_wconf 90' lang='lat' dir='ltr'><strong>ad</strong></span> <span class='ocrx_word' id='word_1_210' title='bbox 1125 2377 1189 2425; x_wconf 82' lang='lat' dir='ltr'><strong>Met.</strong></span> <span class='ocrx_word' id='word_1_211' title='bbox 1202 2377 1219 2424; x_wconf 94' lang='grc' dir='ltr'><strong>Ι.</strong></span> 
     </span>
     <span class='ocr_line' id='line_1_24' title="bbox 120 2441 1221 2506; baseline -0.003 -16"><span class='ocrx_word' id='word_1_212' title='bbox 120 2457 148 2490; x_wconf 88' lang='lat' dir='ltr'><strong>v.</strong></span> <span class='ocrx_word' id='word_1_213' title='bbox 160 2459 186 2506; x_wconf 95' lang='lat' dir='ltr'><strong>p.</strong></span> <span class='ocrx_word' id='word_1_214' title='bbox 199 2447 256 2492; x_wconf 75' lang='lat'><strong>³75.</strong></span> <span class='ocrx_word' id='word_1_215' title='bbox 270 2443 295 2492; x_wconf 92' lang='lat' dir='ltr'><strong>b.</strong></span> <span class='ocrx_word' id='word_1_216' title='bbox 307 2444 375 2506; x_wconf 86' lang='lat' dir='ltr'><strong>quod</strong></span> <span class='ocrx_word' id='word_1_217' title='bbox 394 2449 479 2491; x_wconf 85' lang='lat' dir='ltr'><strong>tamen</strong></span> <span class='ocrx_word' id='word_1_218' title='bbox 493 2442 536 2490; x_wconf 89' lang='lat' dir='ltr'><strong>hic</strong></span> <span class='ocrx_word' id='word_1_219' title='bbox 552 2455 601 2491; x_wconf 88' lang='lat' dir='ltr'><strong>non</strong></span> <span class='ocrx_word' id='word_1_220' title='bbox 620 2442 716 2502; x_wconf 87' lang='lat' dir='ltr'><strong>placet.</strong></span> <span class='ocrx_word' id='word_1_221' title='bbox 737 2442 849 2490; x_wconf 72' lang='lat' dir='ltr'><strong>ond-5</strong></span> <span class='ocrx_word' id='word_1_222' title='bbox 868 2441 967 2489; x_wconf 84' lang='lat' dir='ltr'><strong>Bened.</strong></span> <span class='ocrx_word' id='word_1_223' title='bbox 984 2441 1111 2490; x_wconf 82' lang='lat' dir='ltr'><strong>auditores.</strong></span> <span class='ocrx_word' id='word_1_224' title='bbox 1131 2441 1221 2489; x_wconf 84' lang='lat' dir='ltr'><strong>ld.-a</strong></span> 
     </span>
     <span class='ocr_line' id='line_1_25' title="bbox 119 2504 1221 2567; baseline -0.005 -11"><span class='ocrx_word' id='word_1_225' title='bbox 119 2507 193 2558; x_wconf 86' lang='lat' dir='ltr'><strong>Harl.</strong></span> <span class='ocrx_word' id='word_1_226' title='bbox 203 2509 288 2556; x_wconf 81' lang='lat' dir='ltr'><strong>orinia.</strong></span> <span class='ocrx_word' id='word_1_227' title='bbox 306 2508 398 2556; x_wconf 66' lang='lat' dir='ltr'><strong>Ire-⁷</strong></span> <span class='ocrx_word' id='word_1_228' title='bbox 416 2506 468 2554; x_wconf 89' lang='lat' dir='ltr'><strong>Alii</strong></span> <span class='ocrx_word' id='word_1_229' title='bbox 479 2504 678 2554; x_wconf 68' lang='lat' dir='ltr'><strong>manierias-a</strong></span> <span class='ocrx_word' id='word_1_230' title='bbox 695 2505 750 2553; x_wconf 86' lang='lat' dir='ltr'><strong>Pro</strong></span> <span class='ocrx_word' id='word_1_231' title='bbox 761 2519 807 2566; x_wconf 78' lang='lat' dir='ltr'><strong>qna</strong></span> <span class='ocrx_word' id='word_1_232' title='bbox 817 2505 918 2554; x_wconf 82' lang='lat' dir='ltr'><strong>Bened.</strong></span> <span class='ocrx_word' id='word_1_233' title='bbox 930 2519 981 2567; x_wconf 75' lang='lat' dir='ltr'><strong>qne.</strong></span> <span class='ocrx_word' id='word_1_234' title='bbox 999 2505 1120 2553; x_wconf 75' lang='lat' dir='ltr'><strong>Oua-o</strong></span> <span class='ocrx_word' id='word_1_235' title='bbox 1137 2504 1221 2552; x_wconf 84' lang='lat' dir='ltr'><strong>Abest</strong></span> 
     </span>
     <span class='ocr_line' id='line_1_26' title="bbox 117 2567 1221 2632; baseline -0.004 -11"><span class='ocrx_word' id='word_1_236' title='bbox 117 2571 168 2631; x_wconf 77' lang='lat' dir='ltr'><strong>ejas</strong></span> <span class='ocrx_word' id='word_1_237' title='bbox 186 2588 202 2621; x_wconf 92' lang='lat' dir='ltr'><strong>a</strong></span> <span class='ocrx_word' id='word_1_238' title='bbox 218 2572 319 2620; x_wconf 87' lang='lat' dir='ltr'><strong>Bened.</strong></span> <span class='ocrx_word' id='word_1_239' title='bbox 341 2572 416 2619; x_wconf 80' lang='lat' dir='ltr'><strong>Voss.</strong></span> <span class='ocrx_word' id='word_1_240' title='bbox 428 2576 455 2619; x_wconf 88' lang='lat' dir='ltr'><strong>ct</strong></span> <span class='ocrx_word' id='word_1_241' title='bbox 469 2569 543 2618; x_wconf 88' lang='lat' dir='ltr'><strong>Harl.</strong></span> <span class='ocrx_word' id='word_1_242' title='bbox 560 2569 646 2618; x_wconf 84' lang='lat' dir='ltr'><strong>Ia.-1</strong></span> <span class='ocrx_word' id='word_1_243' title='bbox 666 2567 742 2619; x_wconf 91' lang='lat' dir='ltr'><strong>Harl.</strong></span> <span class='ocrx_word' id='word_1_244' title='bbox 759 2568 835 2618; x_wconf 85' lang='lat' dir='ltr'><strong>Vasa.</strong></span> <span class='ocrx_word' id='word_1_245' title='bbox 852 2567 1221 2632; x_wconf 78' lang='lat' dir='ltr'><strong>quidem.1d.-2Differerrtea</strong></span> 
     </span>
    </p>
   </div>
   <div class='ocr_carea' id='block_1_8' title="bbox 612 2696 719 2749">
    <p class='ocr_par' dir='ltr' id='par_1_8' title="bbox 612 2696 719 2749">
     <span class='ocr_line' id='line_1_27' title="bbox 612 2696 719 2749; baseline -0.019 0"><span class='ocrx_word' id='word_1_246' title='bbox 612 2696 719 2749; x_wconf 74' lang='lat' dir='ltr'>NOTAE</span> 
     </span>
    </p>
   </div>
   <div class='ocr_carea' id='block_1_9' title="bbox 103 2795 1222 4224">
    <p class='ocr_par' dir='ltr' id='par_1_9' title="bbox 103 2795 1222 4224">
     <span class='ocr_line' id='line_1_28' title="bbox 150 2795 1221 2861; baseline 0.002 -16"><span class='ocrx_word' id='word_1_247' title='bbox 150 2796 310 2859; x_wconf 79' lang='lat' dir='ltr'><strong>elndrrcrida]</strong></span> <span class='ocrx_word' id='word_1_248' title='bbox 336 2796 648 2846; x_wconf 82' lang='lat' dir='ltr'><strong>Ms.Thrran.indaaendc.</strong></span> <span class='ocrx_word' id='word_1_249' title='bbox 689 2795 844 2845; x_wconf 85' lang='lat' dir='ltr'><strong>tresobolos</strong></span> <span class='ocrx_word' id='word_1_250' title='bbox 865 2796 1016 2859; x_wconf 85' lang='lat' dir='ltr'><strong>pendentia,</strong></span> <span class='ocrx_word' id='word_1_251' title='bbox 1033 2804 1162 2861; x_wconf 76' lang='lat' dir='ltr'><strong>praeterea</strong></span> <span class='ocrx_word' id='word_1_252' title='bbox 1177 2800 1221 2847; x_wconf 88' lang='lat' dir='ltr'><strong>mi·</strong></span> 
     </span>
     <span class='ocr_line' id='line_1_29' title="bbox 150 2871 1221 2935; baseline -0.002 -11"><span class='ocrx_word' id='word_1_253' title='bbox 150 2874 162 2909; x_wconf 59' lang='grc' dir='ltr'><em>ἃ</em></span> <span class='ocrx_word' id='word_1_254' title='bbox 178 2875 253 2924; x_wconf 83' lang='lat' dir='ltr'><strong>Malli</strong></span> <span class='ocrx_word' id='word_1_255' title='bbox 261 2873 396 2922; x_wconf 81' lang='lat' dir='ltr'><strong>auditarum</strong></span> <span class='ocrx_word' id='word_1_256' title='bbox 407 2872 467 2934; x_wconf 61' lang='lat' dir='ltr'><strong>pas]</strong></span> <span class='ocrx_word' id='word_1_257' title='bbox 479 2874 595 2924; x_wconf 81' lang='lat' dir='ltr'><strong>Quorum</strong></span> <span class='ocrx_word' id='word_1_258' title='bbox 603 2885 648 2920; x_wconf 92' lang='lat' dir='ltr'><strong>no·</strong></span> <span class='ocrx_word' id='word_1_259' title='bbox 689 2885 735 2920; x_wconf 86' lang='lat' dir='ltr'><strong>nas</strong></span> <span class='ocrx_word' id='word_1_260' title='bbox 745 2879 798 2921; x_wconf 87' lang='lat' dir='ltr'><strong>tres</strong></span> <span class='ocrx_word' id='word_1_261' title='bbox 810 2871 857 2920; x_wconf 84' lang='lat' dir='ltr'><strong>eibi</strong></span> <span class='ocrx_word' id='word_1_262' title='bbox 870 2872 902 2920; x_wconf 90' lang='lat' dir='ltr'><strong>ah</strong></span> <span class='ocrx_word' id='word_1_263' title='bbox 915 2872 1023 2922; x_wconf 84' lang='lat' dir='ltr'><strong>Euclide</strong></span> <span class='ocrx_word' id='word_1_264' title='bbox 1040 2873 1169 2935; x_wconf 85' lang='lat' dir='ltr'><strong>Lapicids</strong></span> <span class='ocrx_word' id='word_1_265' title='bbox 1177 2874 1221 2922; x_wconf 87' lang='lat' dir='ltr'><strong>de·</strong></span> 
     </span>
     <span class='ocr_line' id='line_1_30' title="bbox 120 2946 1219 3013; baseline -0.005 -12"><span class='ocrx_word' id='word_1_266' title='bbox 120 2954 190 3002; x_wconf 84' lang='lat' dir='ltr'><strong>nrinn</strong></span> <span class='ocrx_word' id='word_1_267' title='bbox 200 2952 262 3008; x_wconf 81' lang='lat' dir='ltr'><strong>vide</strong></span> <span class='ocrx_word' id='word_1_268' title='bbox 271 2948 341 3013; x_wconf 86' lang='lat' dir='ltr'><strong>apud</strong></span> <span class='ocrx_word' id='word_1_269' title='bbox 355 2946 495 2997; x_wconf 70' lang='lat' dir='ltr'><strong>Latinium.</strong></span> <span class='ocrx_word' id='word_1_270' title='bbox 690 2946 768 3008; x_wconf 76' lang='lat' dir='ltr'><strong>bitae,</strong></span> <span class='ocrx_word' id='word_1_271' title='bbox 787 2959 874 2994; x_wconf 82' lang='lat' dir='ltr'><strong>servor</strong></span> <span class='ocrx_word' id='word_1_272' title='bbox 891 2953 1011 3008; x_wconf 87' lang='lat' dir='ltr'><strong>quatuor,</strong></span> <span class='ocrx_word' id='word_1_273' title='bbox 1032 2946 1219 3009; x_wconf 86' lang='lat' dir='ltr'><strong>supellectilem</strong></span> 
     </span>
     <span class='ocr_line' id='line_1_31' title="bbox 152 3022 1220 3089; baseline -0.003 -14"><span class='ocrx_word' id='word_1_274' title='bbox 152 3036 162 3062; x_wconf 63' lang='grc' dir='ltr'>θ</span> <span class='ocrx_word' id='word_1_275' title='bbox 183 3027 311 3089; x_wconf 79' lang='lat' dir='ltr'><strong>Utriusque</strong></span> <span class='ocrx_word' id='word_1_276' title='bbox 331 3023 413 3086; x_wconf 79' lang='lat' dir='ltr'><strong>sexus]</strong></span> <span class='ocrx_word' id='word_1_277' title='bbox 441 3024 516 3073; x_wconf 86' lang='lat' dir='ltr'><strong>Inter</strong></span> <span class='ocrx_word' id='word_1_278' title='bbox 533 3023 650 3072; x_wconf 80' lang='lat' dir='ltr'><strong>Platonis</strong></span> <span class='ocrx_word' id='word_1_279' title='bbox 688 3029 717 3071; x_wconf 89' lang='lat' dir='ltr'><strong>et</strong></span> <span class='ocrx_word' id='word_1_280' title='bbox 728 3036 788 3071; x_wconf 87' lang='lat' dir='ltr'><strong>vasa</strong></span> <span class='ocrx_word' id='word_1_281' title='bbox 804 3022 913 3084; x_wconf 83' lang='lat' dir='ltr'><strong>scripta,</strong></span> <span class='ocrx_word' id='word_1_282' title='bbox 929 3037 1038 3085; x_wconf 86' lang='lat' dir='ltr'><strong>qnorum</strong></span> <span class='ocrx_word' id='word_1_283' title='bbox 1055 3022 1164 3072; x_wconf 82' lang='lat' dir='ltr'><strong>haberet</strong></span> <span class='ocrx_word' id='word_1_284' title='bbox 1176 3038 1220 3072; x_wconf 85' lang='lat' dir='ltr'><strong>ex·</strong></span> 
     </span>
     <span class='ocr_line' id='line_1_32' title="bbox 103 3097 960 3160; baseline -0.005 -9"><span class='ocrx_word' id='word_1_285' title='bbox 103 3133 104 3136; x_wconf 61' lang='lat'><em>=</em></span> <span class='ocrx_word' id='word_1_286' title='bbox 120 3103 251 3152; x_wconf 83' lang='lat' dir='ltr'><strong>auditores</strong></span> <span class='ocrx_word' id='word_1_287' title='bbox 263 3099 383 3149; x_wconf 80' lang='lat' dir='ltr'><strong>Laiininr</strong></span> <span class='ocrx_word' id='word_1_288' title='bbox 400 3100 522 3148; x_wconf 84' lang='lat' dir='ltr'><strong>mulieres</strong></span> <span class='ocrx_word' id='word_1_289' title='bbox 532 3098 596 3149; x_wconf 86' lang='lat' dir='ltr'><strong>duas</strong></span> <span class='ocrx_word' id='word_1_290' title='bbox 608 3114 647 3147; x_wconf 88' lang='lat' dir='ltr'><strong>re·</strong></span> <span class='ocrx_word' id='word_1_291' title='bbox 688 3099 789 3160; x_wconf 86' lang='lat' dir='ltr'><strong>emplar</strong></span> <span class='ocrx_word' id='word_1_292' title='bbox 806 3097 960 3147; x_wconf 82' lang='lat' dir='ltr'><strong>Demetrius.</strong></span> 
     </span>
     <span class='ocr_line' id='line_1_33' title="bbox 119 3171 1220 3239; baseline -0.007 -10"><span class='ocrx_word' id='word_1_293' title='bbox 119 3187 211 3229; x_wconf 85' lang='lat' dir='ltr'><strong>censet</strong></span> <span class='ocrx_word' id='word_1_294' title='bbox 234 3176 399 3226; x_wconf 83' lang='lat' dir='ltr'><strong>Laetlreniarn</strong></span> <span class='ocrx_word' id='word_1_295' title='bbox 420 3176 592 3239; x_wconf 87' lang='lat' dir='ltr'><strong>Mantineam,</strong></span> <span class='ocrx_word' id='word_1_296' title='bbox 621 3183 649 3224; x_wconf 84' lang='lat' dir='ltr'><strong>et</strong></span> <span class='ocrx_word' id='word_1_297' title='bbox 721 3171 1118 3235; x_wconf 61' lang='lat' dir='ltr'><strong>&amp;Aaritantumqaantampuer</strong></span> <span class='ocrx_word' id='word_1_298' title='bbox 1133 3173 1220 3223; x_wconf 75' lang='lat' dir='ltr'><strong>nobili·</strong></span> 
     </span>
     <span class='ocr_line' id='line_1_34' title="bbox 120 3246 1220 3312; baseline -0.005 -10"><span class='ocrx_word' id='word_1_299' title='bbox 120 3250 275 3302; x_wconf 85' lang='lat' dir='ltr'><strong>Axiotlream</strong></span> <span class='ocrx_word' id='word_1_300' title='bbox 286 3250 436 3299; x_wconf 76' lang='lat' dir='ltr'><strong>Phliasium.</strong></span> <span class='ocrx_word' id='word_1_301' title='bbox 689 3246 748 3295; x_wconf 85' lang='lat' dir='ltr'><strong>tatis</strong></span> <span class='ocrx_word' id='word_1_302' title='bbox 758 3246 851 3308; x_wconf 78' lang='lat' dir='ltr'><strong>insigne</strong></span> <span class='ocrx_word' id='word_1_303' title='bbox 861 3247 887 3295; x_wconf 88' lang='lat' dir='ltr'><strong>in</strong></span> <span class='ocrx_word' id='word_1_304' title='bbox 896 3248 1003 3296; x_wconf 65' lang='lat' dir='ltr'><strong>arranh</strong></span> <span class='ocrx_word' id='word_1_305' title='bbox 1011 3249 1128 3312; x_wconf 76' lang='lat' dir='ltr'><strong>gestarit]</strong></span> <span class='ocrx_word' id='word_1_306' title='bbox 1144 3248 1220 3311; x_wconf 83' lang='lat' dir='ltr'><strong>Ejus·</strong></span> 
     </span>
     <span class='ocr_line' id='line_1_35' title="bbox 151 3323 1219 3389; baseline -0.002 -12"><span class='ocrx_word' id='word_1_307' title='bbox 151 3326 352 3377; x_wconf 78' lang='lat' dir='ltr'><strong>tParrimontam</strong></span> <span class='ocrx_word' id='word_1_308' title='bbox 370 3326 396 3374; x_wconf 90' lang='lat' dir='ltr'><strong>in</strong></span> <span class='ocrx_word' id='word_1_309' title='bbox 412 3327 514 3388; x_wconf 68' lang='lat' dir='ltr'><strong>haiala,</strong></span> <span class='ocrx_word' id='word_1_310' title='bbox 531 3328 571 3388; x_wconf 71' lang='lat' dir='ltr'><strong>isc.</strong></span> <span class='ocrx_word' id='word_1_311' title='bbox 588 3327 649 3375; x_wconf 83' lang='lat' dir='ltr'><strong>etin</strong></span> <span class='ocrx_word' id='word_1_312' title='bbox 688 3323 758 3371; x_wconf 89' lang='lat' dir='ltr'><strong>modi</strong></span> <span class='ocrx_word' id='word_1_313' title='bbox 776 3323 878 3372; x_wconf 79' lang='lat' dir='ltr'><strong>inaures</strong></span> <span class='ocrx_word' id='word_1_314' title='bbox 896 3338 928 3372; x_wconf 88' lang='lat' dir='ltr'><strong>ea</strong></span> <span class='ocrx_word' id='word_1_315' title='bbox 949 3324 982 3371; x_wconf 90' lang='lat' dir='ltr'><strong>de</strong></span> <span class='ocrx_word' id='word_1_316' title='bbox 1004 3339 1082 3373; x_wconf 85' lang='lat' dir='ltr'><strong>censa</strong></span> <span class='ocrx_word' id='word_1_317' title='bbox 1099 3326 1219 3389; x_wconf 78' lang='grc' dir='ltr'>ἐλευθέρια</span> 
     </span>
     <span class='ocr_line' id='line_1_36' title="bbox 118 3398 1219 3465; baseline 0.002 -15"><span class='ocrx_word' id='word_1_318' title='bbox 118 3404 206 3452; x_wconf 83' lang='lat' dir='ltr'><strong>duabus</strong></span> <span class='ocrx_word' id='word_1_319' title='bbox 216 3402 342 3463; x_wconf 85' lang='lat' dir='ltr'><strong>ministris,</strong></span> <span class='ocrx_word' id='word_1_320' title='bbox 360 3405 384 3449; x_wconf 83' lang='lat' dir='ltr'><strong>et</strong></span> <span class='ocrx_word' id='word_1_321' title='bbox 399 3400 425 3449; x_wconf 87' lang='lat' dir='ltr'><strong>in</strong></span> <span class='ocrx_word' id='word_1_322' title='bbox 441 3407 525 3464; x_wconf 84' lang='lat' dir='ltr'><strong>patera</strong></span> <span class='ocrx_word' id='word_1_323' title='bbox 541 3403 647 3464; x_wconf 82' lang='lat' dir='ltr'><strong>reliquit.</strong></span> <span class='ocrx_word' id='word_1_324' title='bbox 689 3398 791 3447; x_wconf 79' lang='lat' dir='ltr'><strong>oraects</strong></span> <span class='ocrx_word' id='word_1_325' title='bbox 801 3398 1219 3465; x_wconf 82' lang='lat' dir='ltr'><strong>dicebantur‚quasidicas‘iage·</strong></span> 
     </span>
     <span class='ocr_line' id='line_1_37' title="bbox 118 3472 1219 3539; baseline 0.002 -14"><span class='ocrx_word' id='word_1_326' title='bbox 118 3477 191 3538; x_wconf 79' lang='lat' dir='ltr'><strong>Auri,</strong></span> <span class='ocrx_word' id='word_1_327' title='bbox 211 3477 264 3539; x_wconf 69' lang='lat' dir='ltr'><strong>irc]</strong></span> <span class='ocrx_word' id='word_1_328' title='bbox 290 3477 370 3524; x_wconf 89' lang='lat' dir='ltr'><strong>Panlo</strong></span> <span class='ocrx_word' id='word_1_329' title='bbox 389 3475 464 3537; x_wconf 87' lang='lat' dir='ltr'><strong>plura</strong></span> <span class='ocrx_word' id='word_1_330' title='bbox 480 3482 567 3524; x_wconf 82' lang='lat' dir='ltr'><strong>tamen</strong></span> <span class='ocrx_word' id='word_1_331' title='bbox 588 3477 648 3524; x_wconf 80' lang='lat' dir='ltr'><strong>reli.</strong></span> <span class='ocrx_word' id='word_1_332' title='bbox 688 3472 793 3522; x_wconf 85' lang='lat' dir='ltr'><strong>unitatis</strong></span> <span class='ocrx_word' id='word_1_333' title='bbox 806 3474 896 3537; x_wconf 69' lang='lat' dir='ltr'><strong>signa!</strong></span> <span class='ocrx_word' id='word_1_334' title='bbox 929 3475 982 3524; x_wconf 86' lang='lat' dir='ltr'><strong>Car</strong></span> <span class='ocrx_word' id='word_1_335' title='bbox 994 3483 1080 3525; x_wconf 90' lang='lat' dir='ltr'><strong>antem</strong></span> <span class='ocrx_word' id='word_1_336' title='bbox 1090 3478 1116 3525; x_wconf 90' lang='lat' dir='ltr'><strong>in</strong></span> <span class='ocrx_word' id='word_1_337' title='bbox 1126 3480 1219 3528; x_wconf 62' lang='lat' dir='ltr'><strong>aaran·</strong></span> 
     </span>
     <span class='ocr_line' id='line_1_38' title="bbox 120 3549 1219 3615; baseline 0.004 -16"><span class='ocrx_word' id='word_1_338' title='bbox 120 3552 206 3614; x_wconf 86' lang='lat' dir='ltr'><strong>quisse</strong></span> <span class='ocrx_word' id='word_1_339' title='bbox 229 3552 324 3615; x_wconf 84' lang='lat' dir='ltr'><strong>probat</strong></span> <span class='ocrx_word' id='word_1_340' title='bbox 349 3551 403 3613; x_wconf 85' lang='lat' dir='ltr'><strong>ejas</strong></span> <span class='ocrx_word' id='word_1_341' title='bbox 429 3557 612 3599; x_wconf 83' lang='lat' dir='ltr'><strong>testamentum</strong></span> <span class='ocrx_word' id='word_1_342' title='bbox 633 3566 649 3600; x_wconf 90' lang='lat' dir='ltr'><strong>a</strong></span> <span class='ocrx_word' id='word_1_343' title='bbox 688 3549 855 3602; x_wconf 82' lang='lat' dir='ltr'><strong>ludicatnan</strong></span> <span class='ocrx_word' id='word_1_344' title='bbox 874 3552 899 3599; x_wconf 87' lang='lat' dir='ltr'><strong>in</strong></span> <span class='ocrx_word' id='word_1_345' title='bbox 918 3552 1023 3614; x_wconf 82' lang='lat' dir='ltr'><strong>auribus,</strong></span> <span class='ocrx_word' id='word_1_346' title='bbox 1040 3552 1219 3603; x_wconf 83' lang='lat' dir='ltr'><strong>dirceexlsi-</strong></span> 
     </span>
     <span class='ocr_line' id='line_1_39' title="bbox 119 3623 1219 3692; baseline 0.005 -17"><span class='ocrx_word' id='word_1_347' title='bbox 119 3625 223 3675; x_wconf 77' lang='lat' dir='ltr'><strong>Laiirtio</strong></span> <span class='ocrx_word' id='word_1_348' title='bbox 235 3627 353 3688; x_wconf 87' lang='lat' dir='ltr'><strong>relatum,</strong></span> <span class='ocrx_word' id='word_1_349' title='bbox 366 3639 415 3688; x_wconf 91' lang='lat' dir='ltr'><strong>qno</strong></span> <span class='ocrx_word' id='word_1_350' title='bbox 427 3626 498 3687; x_wconf 82' lang='lat' dir='ltr'><strong>legat</strong></span> <span class='ocrx_word' id='word_1_351' title='bbox 509 3623 648 3684; x_wconf 84' lang='lat' dir='ltr'><strong>Adimanto</strong></span> <span class='ocrx_word' id='word_1_352' title='bbox 688 3624 762 3687; x_wconf 83' lang='lat' dir='ltr'><strong>doro,</strong></span> <span class='ocrx_word' id='word_1_353' title='bbox 773 3626 847 3690; x_wconf 82' lang='lat' dir='ltr'><strong>Orig.</strong></span> <span class='ocrx_word' id='word_1_354' title='bbox 859 3629 904 3676; x_wconf 90' lang='lat' dir='ltr'><strong>lib.</strong></span> <span class='ocrx_word' id='word_1_355' title='bbox 918 3641 975 3677; x_wconf 85' lang='lat' dir='ltr'><strong>xrx.</strong></span> <span class='ocrx_word' id='word_1_356' title='bbox 995 3644 1051 3692; x_wconf 84' lang='lat' dir='ltr'><strong>cap.</strong></span> <span class='ocrx_word' id='word_1_357' title='bbox 1063 3633 1104 3678; x_wconf 74' lang='lat'><strong>81.</strong></span> <span class='ocrx_word' id='word_1_358' title='bbox 1122 3630 1219 3681; x_wconf 87' lang='lat' dir='ltr'><strong>‘Ineu-</strong></span> 
     </span>
     <span class='ocr_line' id='line_1_40' title="bbox 118 3699 1219 3769; baseline 0.005 -19"><span class='ocrx_word' id='word_1_359' title='bbox 118 3702 173 3750; x_wconf 87' lang='lat' dir='ltr'><strong>iilio</strong></span> <span class='ocrx_word' id='word_1_360' title='bbox 191 3716 236 3749; x_wconf 86' lang='lat' dir='ltr'><strong>suo</strong></span> <span class='ocrx_word' id='word_1_361' title='bbox 252 3699 360 3749; x_wconf 86' lang='lat' dir='ltr'><strong>fundum</strong></span> <span class='ocrx_word' id='word_1_362' title='bbox 378 3703 404 3750; x_wconf 79' lang='grc' dir='ltr'><strong>ἐν</strong></span> <span class='ocrx_word' id='word_1_363' title='bbox 418 3699 600 3762; x_wconf 77' lang='grc' dir='ltr'><strong><em>Ἥφαιστιάδων,</em></strong></span> <span class='ocrx_word' id='word_1_364' title='bbox 620 3708 648 3750; x_wconf 89' lang='lat' dir='ltr'><strong>et</strong></span> <span class='ocrx_word' id='word_1_365' title='bbox 688 3717 729 3750; x_wconf 83' lang='lat' dir='ltr'><strong>res</strong></span> <span class='ocrx_word' id='word_1_366' title='bbox 742 3702 773 3752; x_wconf 85' lang='lat' dir='ltr'><strong>ab</strong></span> <span class='ocrx_word' id='word_1_367' title='bbox 786 3703 883 3752; x_wconf 81' lang='lat' dir='ltr'><strong>aurium</strong></span> <span class='ocrx_word' id='word_1_368' title='bbox 901 3703 1068 3753; x_wconf 83' lang='lat' dir='ltr'><strong>foraminibus</strong></span> <span class='ocrx_word' id='word_1_369' title='bbox 1086 3720 1219 3769; x_wconf 85' lang='lat' dir='ltr'><strong>nuncupa·</strong></span> 
     </span>
     <span class='ocr_line' id='line_1_41' title="bbox 119 3772 1219 3846; baseline 0.009 -23"><span class='ocrx_word' id='word_1_370' title='bbox 119 3775 227 3824; x_wconf 83' lang='lat' dir='ltr'><strong>fandum</strong></span> <span class='ocrx_word' id='word_1_371' title='bbox 240 3775 265 3822; x_wconf 81' lang='grc' dir='ltr'><strong>ἐν</strong></span> <span class='ocrx_word' id='word_1_372' title='bbox 275 3772 409 3837; x_wconf 78' lang='grc' dir='ltr'>Ἐροιάδων,</span> <span class='ocrx_word' id='word_1_373' title='bbox 421 3773 473 3838; x_wconf 86' lang='lat' dir='ltr'><strong>(sic</strong></span> <span class='ocrx_word' id='word_1_374' title='bbox 483 3777 552 3823; x_wconf 87' lang='lat' dir='ltr'><strong>eninr</strong></span> <span class='ocrx_word' id='word_1_375' title='bbox 561 3777 647 3836; x_wconf 72' lang='lat' dir='ltr'><strong>legen·</strong></span> <span class='ocrx_word' id='word_1_376' title='bbox 688 3786 733 3840; x_wconf 78' lang='lat' dir='ltr'><strong>tae,</strong></span> <span class='ocrx_word' id='word_1_377' title='bbox 744 3779 836 3841; x_wconf 86' lang='lat' dir='ltr'><strong>quibus</strong></span> <span class='ocrx_word' id='word_1_378' title='bbox 857 3781 972 3842; x_wconf 87' lang='lat' dir='ltr'><strong>pretiosa</strong></span> <span class='ocrx_word' id='word_1_379' title='bbox 990 3795 1086 3843; x_wconf 79' lang='lat' dir='ltr'><strong>genera</strong></span> <span class='ocrx_word' id='word_1_380' title='bbox 1102 3783 1219 3846; x_wconf 86' lang='lat' dir='ltr'><strong>lapidum</strong></span> 
     </span>
     <span class='ocr_line' id='line_1_42' title="bbox 120 3849 1220 3917; baseline 0.01 -18"><span class='ocrx_word' id='word_1_381' title='bbox 120 3851 180 3899; x_wconf 86' lang='lat' dir='ltr'><strong>dnm</strong></span> <span class='ocrx_word' id='word_1_382' title='bbox 199 3850 296 3898; x_wconf 85' lang='lat' dir='ltr'><strong>monuit</strong></span> <span class='ocrx_word' id='word_1_383' title='bbox 320 3851 488 3900; x_wconf 79' lang='lat' dir='ltr'><strong>casaubonus</strong></span> <span class='ocrx_word' id='word_1_384' title='bbox 501 3849 523 3914; x_wconf 73' lang='lat' dir='ltr'><strong>z)</strong></span> <span class='ocrx_word' id='word_1_385' title='bbox 546 3852 647 3914; x_wconf 79' lang='lat' dir='ltr'><strong>argenti</strong></span> <span class='ocrx_word' id='word_1_386' title='bbox 688 3854 879 3917; x_wconf 85' lang='lat' dir='ltr'><strong>dependuntur.</strong></span> <span class='ocrx_word' id='word_1_387' title='bbox 914 3855 1084 3906; x_wconf 87' lang='lat' dir='ltr'><strong>Harnmusns</strong></span> <span class='ocrx_word' id='word_1_388' title='bbox 1100 3859 1128 3907; x_wconf 90' lang='lat' dir='ltr'><strong>in</strong></span> <span class='ocrx_word' id='word_1_389' title='bbox 1145 3859 1220 3910; x_wconf 74' lang='lat' dir='ltr'><strong>Grae-</strong></span> 
     </span>
     <span class='ocr_line' id='line_1_43' title="bbox 118 3926 1221 3996; baseline 0.009 -22"><span class='ocrx_word' id='word_1_390' title='bbox 118 3927 199 3993; x_wconf 88' lang='lat' dir='ltr'><strong>minas</strong></span> <span class='ocrx_word' id='word_1_391' title='bbox 207 3934 270 3985; x_wconf 83' lang='lat' dir='ltr'><strong>tres,</strong></span> <span class='ocrx_word' id='word_1_392' title='bbox 281 3933 431 3988; x_wconf 84' lang='lat' dir='ltr'><strong>argenteam</strong></span> <span class='ocrx_word' id='word_1_393' title='bbox 439 3926 550 3990; x_wconf 84' lang='lat' dir='ltr'><strong>phialam</strong></span> <span class='ocrx_word' id='word_1_394' title='bbox 558 3927 648 3976; x_wconf 87' lang='lat' dir='ltr'><strong>drach·</strong></span> <span class='ocrx_word' id='word_1_395' title='bbox 688 3930 737 3985; x_wconf 71' lang='lat' dir='ltr'><strong>aia,</strong></span> <span class='ocrx_word' id='word_1_396' title='bbox 757 3930 851 3991; x_wconf 73' lang='lat' dir='ltr'><strong>puellm</strong></span> <span class='ocrx_word' id='word_1_397' title='bbox 864 3939 972 3995; x_wconf 83' lang='lat' dir='ltr'><strong>utraque</strong></span> <span class='ocrx_word' id='word_1_398' title='bbox 988 3947 1059 3996; x_wconf 84' lang='lat' dir='ltr'><strong>aare,</strong></span> <span class='ocrx_word' id='word_1_399' title='bbox 1075 3935 1151 3996; x_wconf 87' lang='lat' dir='ltr'><strong>paeri</strong></span> <span class='ocrx_word' id='word_1_400' title='bbox 1162 3941 1221 3985; x_wconf 87' lang='lat' dir='ltr'><strong>tan·</strong></span> 
     </span>
     <span class='ocr_line' id='line_1_44' title="bbox 119 4002 991 4065; baseline 0.009 -17"><span class='ocrx_word' id='word_1_401' title='bbox 119 4009 217 4049; x_wconf 84' lang='lat' dir='ltr'><strong>marum</strong></span> <span class='ocrx_word' id='word_1_402' title='bbox 229 4014 307 4050; x_wconf 73' lang='lat' dir='ltr'><strong>ccxv.</strong></span> <span class='ocrx_word' id='word_1_403' title='bbox 326 4003 453 4065; x_wconf 81' lang='lat' dir='ltr'><strong>cymbium</strong></span> <span class='ocrx_word' id='word_1_404' title='bbox 468 4002 646 4052; x_wconf 83' lang='lat' dir='ltr'><strong>drachmarum</strong></span> <span class='ocrx_word' id='word_1_405' title='bbox 688 4010 742 4053; x_wconf 87' lang='lat' dir='ltr'><strong>turn</strong></span> <span class='ocrx_word' id='word_1_406' title='bbox 753 4005 847 4055; x_wconf 85' lang='lat' dir='ltr'><strong>dextra</strong></span> <span class='ocrx_word' id='word_1_407' title='bbox 855 4005 991 4056; x_wconf 63' lang='lat' dir='ltr'><strong>ferebant)</strong></span> 
     </span>
     <span class='ocr_line' id='line_1_45' title="bbox 121 4078 1220 4147; baseline 0.012 -23"><span class='ocrx_word' id='word_1_408' title='bbox 121 4087 186 4124; x_wconf 73' lang='lat' dir='ltr'><strong>xcv.</strong></span> <span class='ocrx_word' id='word_1_409' title='bbox 207 4078 326 4125; x_wconf 85' lang='lat' dir='ltr'><strong>annulum</strong></span> <span class='ocrx_word' id='word_1_410' title='bbox 348 4093 462 4139; x_wconf 76' lang='lat' dir='ltr'><strong>araceum,</strong></span> <span class='ocrx_word' id='word_1_411' title='bbox 484 4084 512 4125; x_wconf 85' lang='lat' dir='ltr'><strong>et</strong></span> <span class='ocrx_word' id='word_1_412' title='bbox 531 4078 648 4125; x_wconf 86' lang='lat' dir='ltr'><strong>inaurem</strong></span> <span class='ocrx_word' id='word_1_413' title='bbox 721 4078 733 4110; x_wconf 82' lang='lat'><strong>¹¹</strong></span> <span class='ocrx_word' id='word_1_414' title='bbox 749 4081 863 4143; x_wconf 79' lang='lat' dir='ltr'><strong>Secunda,</strong></span> <span class='ocrx_word' id='word_1_415' title='bbox 872 4083 951 4144; x_wconf 83' lang='lat' dir='ltr'><strong>petita</strong></span> <span class='ocrx_word' id='word_1_416' title='bbox 962 4083 1085 4147; x_wconf 80' lang='lat' dir='ltr'><strong>Dionysii,</strong></span> <span class='ocrx_word' id='word_1_417' title='bbox 1096 4085 1220 4147; x_wconf 75' lang='lat' dir='ltr'><strong>isa·]Non</strong></span> 
     </span>
     <span class='ocr_line' id='line_1_46' title="bbox 120 4153 1222 4224; baseline 0.011 -23"><span class='ocrx_word' id='word_1_418' title='bbox 120 4166 234 4211; x_wconf 81' lang='lat' dir='ltr'><strong>auream,</strong></span> <span class='ocrx_word' id='word_1_419' title='bbox 250 4153 324 4202; x_wconf 90' lang='lat' dir='ltr'><strong>ambo</strong></span> <span class='ocrx_word' id='word_1_420' title='bbox 342 4153 476 4203; x_wconf 83' lang='lat' dir='ltr'><strong>drachmas</strong></span> <span class='ocrx_word' id='word_1_421' title='bbox 494 4161 604 4218; x_wconf 85' lang='lat' dir='ltr'><strong>quatuor</strong></span> <span class='ocrx_word' id='word_1_422' title='bbox 620 4160 648 4203; x_wconf 87' lang='lat' dir='ltr'><strong>et</strong></span> <span class='ocrx_word' id='word_1_423' title='bbox 689 4156 774 4218; x_wconf 88' lang='lat' dir='ltr'><strong>petitu</strong></span> <span class='ocrx_word' id='word_1_424' title='bbox 786 4157 906 4221; x_wconf 80' lang='lat' dir='ltr'><strong>Dionysii</strong></span> <span class='ocrx_word' id='word_1_425' title='bbox 923 4159 1061 4210; x_wconf 86' lang='lat' dir='ltr'><strong>secundam</strong></span> <span class='ocrx_word' id='word_1_426' title='bbox 1080 4159 1222 4224; x_wconf 81' lang='lat' dir='ltr'><strong>proiectio-</strong></span> 
     </span>
    </p>
   </div>
   <div class='ocr_carea' id='block_1_10' title="bbox 0 0 1352 4710">
    <p class='ocr_par' dir='ltr' id='par_1_10' title="bbox 0 0 1352 4710">
     <span class='ocr_line' id='line_1_47' title="bbox 0 0 1352 4710; baseline 0 0"><span class='ocrx_word' id='word_1_427' title='bbox 0 0 1352 4710; x_wconf 95' lang='lat' dir='ltr'><strong> </strong></span> 
     </span>
    </p>
   </div>
  </div>
 </body>
</html>
