2694 4710
311 309 557 358 nro.rr.s1vn
582 312 630 359 nu
655 311 801 362 uuicos.
826 315 915 363 aron.
1077 298 1162 365 llud

63 457 199 520 nutriero
226 455 438 519 sentiamus:
468 473 532 520 nec
557 457 666 522 solum
691 465 857 540 agentem,
889 462 989 542 atque
1018 460 1052 524 in
1079 461 1163 543 ipsis

63 557 408 620 administrationibus
433 562 566 620 rerum4
588 559 737 640 spectari
760 562 803 623 ab
827 573 867 623 ea
888 562 1047 624 universa
1061 568 1163 644 atque¹

59 657 231 722 discerni.⁵
270 657 345 722 Nee
362 658 474 722 solum
489 660 734 742 providentiam
756 662 915 744 prodesse
938 663 1094 726 civilibus
1111 683 1162 726 re·

63 760 143 836 bus,
157 759 220 824 sed
238 765 371 824 omnem
393 778 524 824 sensum
548 762 622 845 ejus
648 769 751 846 atque
777 765 998 846 propositum,
1012 763 1161 828 fortuna-

62 868 135 923 tum
150 864 183 926 et
196 862 332 926 beatum
344 867 469 926 statum
484 862 596 926 facere
610 862 787 929 civitatis.⁶
832 864 921 928 Haec
935 864 1053 929 eadem
1069 866 1162 930 utili·

63 962 126 1024 tati
140 962 259 1026 animae
282 968 460 1044 procurat⁷
475 963 609 1027 duobus
621 964 741 1029 modis.
778 963 901 1030 ¹Altera
917 985 1060 1048 namque
1072 968 1162 1048 lega·

61 1062 127 1127 lis8
144 1069 205 1141 est,
221 1062 426 1147 juridicialis
447 1065 564 1131 altera.
609 1065 675 1130 Sed
692 1067 782 1150 prior
796 1067 982 1130 consimilis
999 1075 1051 1132 est
1066 1089 1160 1132 exer-

60 1166 223 1242 citationi,
238 1184 297 1249 per
322 1163 423 1248 quam
443 1163 678 1248 pulchritudonl
703 1168 822 1231 animae
844 1173 879 1231 et
900 1169 999 1233 robur
1013 1171 1160 1252 acquiri-

60 1273 134 1332 tur:
151 1269 241 1332 sicut
252 1261 496 1333 exercitatione
507 1268 686 1334 valetudo⁹
697 1270 846 1352 corporis
858 1271 1029 1353 gratiaque
1044 1274 1161 1336 retine-

60 1372 135 1432 tur.¹
158 1369 368 1434 iuridicialis
382 1369 444 1434 illa
456 1369 631 1434 medicinae
645 1389 707 1452 par
720 1377 791 1434 est:
804 1376 836 1407 ²⁰
851 1390 929 1434 nam
945 1372 1073 1436 morbis
1088 1373 1160 1438 ani-

59 1489 127 1534 mae
142 1471 303 1549 medetur,
318 1471 408 1556 [605]
425 1473 513 1536 sicut
526 1473 586 1535 illa
597 1472 754 1555 corporis.
799 1472 877 1559 Has
893 1472 1087 1555 disciplinas
1102 1494 1160 1537 vo-

59 1580 129 1650 cat,
153 1573 400 1656 plurimumque
420 1593 531 1637 earum
555 1574 765 1638 curationem
782 1572 1029 1637 commoditatis
1045 1574 1159 1638 afferre

57 1674 245 1758 profitetur.
289 1674 420 1743 Harum
435 1675 631 1739 imitatrices
656 1694 730 1739 esse
752 1674 932 1758 coquinam
956 1681 991 1738 et
1013 1694 1160 1757 unguen·

56 1875 158 1938 canapi
170 1880 197 1925 ut
207 1877 370 1928 existimemur
380 1891 431 1926 eam
447 1889 494 1924 essa
505 1874 579 1924 unam'
586 1890 616 1926 ca
629 1875 778 1927 Virtutibus:
794 1893 867 1941 neque
877 1892 928 1926 eam
939 1882 1032 1927 tantuna
1042 1891 1091 1927 esse
1101 1875 1161 1925 acti·

56 1953 121 1996 cam,
132 1944 156 1987 et
166 1948 301 2002 occupatam
310 1943 336 1990 in
351 1942 402 2004 ipso
412 1940 538 2000 regimine,
552 1942 594 1988 sed
604 1941 682 1988 omma
689 1955 787 2003 prorsus
796 1942 940 1991 considerari
950 1943 980 1990 al
990 1956 1026 1997 ea,
1038 1947 1062 1990 et
1072 1941 1159 1988 distin·

57 2004 113 2063 gui.
142 2005 177 2051 Et
188 2005 368 2055 Prouidentiam
379 2020 426 2054 nan
439 2009 535 2053 tantum
544 2017 681 2066 promouere
691 2019 730 2052 rcs
742 2006 875 2063 Politicas5
891 2019 973 2053 nerum
983 2019 1049 2053 amne
1061 2005 1112 2063 ejus
1121 2004 1159 2052 in·

58 2071 151 2115 tentum
161 2072 185 2116 ct
193 2069 336 2132 propositum
347 2083 405 2130 esse,
415 2073 443 2117 ut
454 2069 538 2116 reddat
546 2071 636 2115 statum
648 2068 763 2117 Civitatis
773 2070 867 2118 omnino
876 2072 1014 2131 prospirmn
1024 2068 1158 2127 etselicrm.

59 2130 124 2178 Hac
140 2130 192 2192 ipsa
206 2134 284 2181 undet
300 2133 424 2181 comnwdia
438 2129 524 2182 mentis
538 2131 627 2191 duplici
642 2131 742 2181 ruiana.
776 2133 841 2182 Nam
856 2149 903 2182 una
914 2137 950 2182 est
961 2133 1067 2194 Legalis,
1082 2133 1159 2180 altera

56 2194 220 2243 duridicialls.
252 2198 287 2246 At
295 2199 375 2259 prima
385 2198 468 2246 larum
477 2196 605 2258 persimilis
610 2200 646 2244 est
656 2196 780 2257 exercitur,
787 2213 831 2260 quo
842 2200 910 2246 decor
920 2197 1056 2262 etfirraitas
1066 2211 1158 2257 compa·

56 2264 128 2306 ratur
144 2262 233 2308 nunti:
250 2263 441 2324 quemadmodum
453 2261 544 2309 sanitas
559 2265 583 2308 ct
595 2260 745 2322 pulchritudo
762 2263 866 2324 corporis
876 2267 1026 2310 cumaeam
1035 2261 1158 2309 exercitia.

58 2321 123 2370 Hac
136 2323 156 2370 J
158 2323 267 2372 iudicialis
275 2325 362 2373 similis
370 2331 407 2374 est
416 2324 563 2373 Medicinas
572 2323 644 2387 affert
654 2323 717 2372 enirn
727 2327 854 2374 repudium
866 2325 1048 2386 egritudinibus
1063 2324 1157 2384 mentis,

57 2389 250 2447 quemadmodum
260 2386 383 2438 Medicina
398 2387 579 2450 egritudinibus
594 2389 706 2450 corporis.
740 2389 796 2437 Has
806 2390 910 2437 nominat
922 2389 1049 2448 Scieatias,
1060 2393 1083 2436 et
1094 2390 1158 2452 affir-

57 2455 110 2498 mat
120 2451 339 2516 studiumipsarum
354 2467 439 2516 parere
450 2450 594 2516 penneltum
608 2452 732 2501 utilitatis.
765 2453 834 2502 Dicit
847 2453 995 2502 Culinuriam
1006 2459 1030 2501 et
1042 2453 1158 2500 Cosmeti·

513 2596 527 2617 0
531 2595 699 2618 ΝΝΟΝΜΙ

57 2699 143 2748 abest.
160 2700 246 2750 lde-4
258 2700 325 2750 Edd.
339 2705 401 2749 ante
411 2699 520 2750 Vnican.
531 2714 622 2749 aerum.
639 2698 729 2748 Ide-5
746 2698 779 2747 Ti
788 2704 858 2762 atque
870 2698 958 2746 exulat
970 2713 985 2746 a
996 2697 1060 2746 Mss.
1081 2697 1157 2748 Voss.

58 2763 160 2812 Bened.
171 2765 277 2813 universe
288 2778 390 2827 qnoque
402 2764 479 2812 Voss.
498 2764 587 2813 ld-c
604 2765 672 2812 Flcr.
684 2770 712 2813 et
723 2763 796 2813 Laid.
812 2763 950 2822 satisfacere
960 2763 1069 2811 civitati:
1083 2763 1157 2811 male.

59 2828 171 2876 Elmenl·
204 2826 507 2891 Benedquoquesatisf.
540 2827 617 2876 Voss.
628 2828 699 2887 suisf.
734 2826 1158 2876 NonmaleLeid.Florent.cici·

57 2894 115 2940 tati.
135 2889 254 2941 Oud.-r
273 2893 409 2942 Utilitatem
428 2893 514 2941 anima
531 2897 649 2953 procurat.
690 2890 790 2941 Bened.
810 2891 934 2939 utilitates.
973 2890 1023 2938 Sed
1042 2891 1158 2940 Floreat.

58 2956 136 3004 Voss.
148 2956 262 3004 utilitati.
296 2957 376 3016 Vere,
388 2964 415 3004 et
426 2955 572 3019 Apuleiana
584 2970 655 3004 more
663 2969 791 3018 procurare
802 2961 828 3002 et
838 2969 922 3002 curare
933 2952 1020 3002 dativo
1027 2953 1156 3015 junctum.

57 3019 208 3082 Saepissime
219 3035 234 3070 e
246 3021 310 3070 Mas.
328 3020 355 3070 id
374 3021 483 3069 ductori
501 3026 589 3068 nostre
607 3021 777 3068 restituimus.
810 3018 843 3067 V.
855 3018 914 3067 Ind.
925 3019 988 3066 Not.
1000 3018 1075 3066 Vulc.
1092 3019 1157 3068 Cod.

55 3089 174 3145 mancat.
192 3083 281 3134 la-tr
300 3084 400 3134 Bened.
419 3083 623 3146 regalis.1d.—9
647 3082 746 3132 Beued.
765 3081 912 3131 exercitatio.
948 3082 1065 3130 Floreat.
1085 3091 1158 3131 caret

58 3149 96 3206 rai
114 3152 185 3197 ualet.
208 3148 299 3197 ld.·-l
320 3149 468 3198 continetur.
502 3148 554 3196 Ma.
572 3147 696 3197 retinetur.
713 3145 849 3208 Scioppius
866 3146 891 3192 in
908 3146 1040 3208 symbola
1072 3147 1157 3194 Fulvii

57 3212 137 3270 liber,
148 3213 288 3262 sentiretur.
306 3213 515 3262 Elmenhorstius.
550 3210 617 3261 Edd.
636 3219 699 3260 ante
715 3211 826 3259 Vulcan.
846 3222 898 3258 rec.
917 3209 1050 3259 continetur
1064 3218 1159 3259 contra

58 3275 125 3324 Mn.
136 3275 171 3326 0.
183 3290 243 3325 nam
254 3277 321 3326 male
333 3277 399 3326 Elm.
410 3278 446 3326 ait
463 3277 489 3325 in
501 3276 574 3325 Fntv.
585 3290 651 3324 esse.
685 3275 846 3324 Contrarium
859 3275 957 3325 monuit
967 3274 1073 3337 Sciopp.
1093 3277 1156 3322 Oud.

57 3343 106 3387 -2
124 3339 266 3389 Verissime
279 3341 427 3390 emendavit
437 3341 476 3389 vir
488 3340 579 3389 doetus
596 3339 754 3404 (Mereerus,
769 3344 798 3386 nt
814 3337 925 3400 opinor).
957 3338 1044 3399 Vulgo
1056 3343 1083 3385 et
1094 3339 1156 3386 Mss.

55 3418 122 3466 pars.
139 3403 318 3466 ineptissime;
336 3405 404 3468 quod
416 3405 502 3465 miror,
515 3418 531 3452 a
542 3405 644 3452 nemine
656 3403 706 3452 alio
719 3403 892 3452 observatum.
924 3401 1084 3452 Jrrridicialis
1097 3416 1157 3462 pru·

57 3467 148 3516 dentis
159 3482 210 3517 non
222 3475 263 3518 est
275 3482 335 3532 pars
348 3468 498 3530 Medicina,
514 3467 560 3518 sed
578 3468 602 3516 ei
616 3483 663 3532 par
680 3468 735 3518 sive
751 3466 857 3529 simills;
874 3473 903 3514 ut
918 3466 1007 3528 legalia
1018 3466 1157 3514 consimilis

557 3599 665 3652 NOTAE

90 3696 296 3755 “Exercitatidni
305 3710 423 3762 perquam
428 3697 589 3760 pulchritudo,
630 3695 663 3746 sd
674 3697 812 3759 marginem
822 3696 873 3744 mei
883 3693 1101 3743 Elmenhorstiani
1113 3705 1157 3740 exa

53 3773 112 3836 da]
129 3774 315 3836 Gymnastica‘.
630 3774 760 3836 emplaris.
793 3774 915 3822 Ceterum
933 3772 987 3820 hare
1005 3769 1156 3819 adverbum

91 3855 104 3882 θ
118 3849 271 3899 Juru'dicialia
287 3852 330 3900 illa
345 3850 466 3902 medicina
481 3867 527 3915 par
542 3848 590 3914 cst]
631 3865 707 3914 piene
719 3863 840 3912 expressa
852 3853 912 3896 sunt
928 3861 961 3894 ex
975 3847 1099 3894 Platone:
1119 3844 1157 3892 sie

57 3925 132 3976 Male
144 3925 170 3974 in
181 3927 275 3976 ceteris
286 3927 453 3990 editionibus,
468 3929 590 3978 medicina
631 3927 699 3974 enirn
711 3925 805 3973 habet:
823 3925 866 3980 tis
877 3920 902 3970 δὲ
913 3922 1045 3980 πολιτικῆς,
1054 3918 1106 3966 lari
1114 3917 1159 3978 pli

53 4015 113 4064 pars
125 4008 170 4051 ert.
204 4003 419 4054 Emendationem
433 4005 510 4068 hanc,
521 4011 550 4054 nt
561 4012 589 4054 et
630 4002 675 4058 ris
684 4000 844 4061 γυμναστικῆς
854 3998 900 4055 τὴν
910 3995 1060 4056 νθμῡθΰῑκῆν
1070 3993 1158 4058 (nipe)

57 4079 123 4128 alias
141 4090 192 4127 non
208 4094 313 4141 paucas,
328 4081 424 4144 ignote
441 4080 526 4130 manui
543 4080 588 4130 de·
628 4076 786 4139 ἀντίστροφον
796 4073 822 4124 δὲ
838 4075 871 4137 tri
887 4071 979 4137 ἰατρικῇ
987 4072 1033 4131 τὴν
1043 4070 1159 4120 δικαιοσύ-

57 4155 120 4218 beo,
137 4155 345 4218 cujuauonnnlla
364 4155 446 4206 habeo
464 4160 589 4205 annotata
628 4170 679 4212 νην.
1102 4152 1104 4155 ’

518 4368 532 4397 Χ
