2694 4710
118 269 203 334 1040
435 279 546 329 suun.
570 279 620 327 nn
645 277 762 358 cocu.
787 276 898 326 enar.

118 424 175 502 Et,
189 421 281 508 quod
296 421 577 508 Pythagoreorum
599 420 790 503 ingenium⁹
804 417 953 504 adjutum
974 417 1053 484 aliis
1067 415 1227 500 discipli·

120 528 175 592 uis
187 534 197 564 ¹
207 534 222 562 ¹¹
237 525 410 602 sentiebat,
425 523 469 588 ad
484 522 697 588 Theodorum
713 521 883 608 cyrenaea
892 528 912 556 '¹
937 527 977 585 ut
990 519 1226 587 Geometriam

119 628 288 705 disceret‚²
310 633 363 692 est
375 626 563 710 prosecuta:
585 631 620 687 et
635 624 851 707 astrologiam
866 622 1020 705 adusque
1031 621 1225 704 AEgyptun

118 730 182 796 ivit
195 729 363 812 pentane
376 734 416 791 ut
430 726 508 789 iude
522 726 758 808 prophetamm
772 726 874 790 etiam
891 725 999 789 ritus⁴
1019 723 1224 789 addisoemt.

118 831 163 896 Et
177 831 222 898 ad
244 830 381 896 Italiam
394 828 513 893 iterum
527 827 626 904 veuit,
639 831 674 891 et
689 827 934 911 Pythagoreos,
948 823 1111 907 Eurytum
1123 829 1139 870 ⁵
1154 821 1224 886 Ta-

118 935 296 1010 rentinum,
325 936 361 993 et
382 927 546 992 seniorem
568 925 777 1012 Archytam¹
800 923 977 993 sectatus.⁶
1031 922 1153 1007 Atque
1178 923 1223 994 ad

119 1035 224 1101 ludos
238 1040 272 1098 et
285 1029 428 1114 Magos⁷
452 1029 651 1094 intendisset
665 1031 826 1108 animum,
840 1029 998 1121 nisieum
1008 1027 1102 1093 bella
1115 1025 1222 1091 tuuc8

120 1135 306 1202 vetuissent
333 1131 541 1196 Asiatica.⁹5
584 1129 799 1216 Quapropter
823 1131 962 1196 iuventa
981 1127 1224 1195 Parmenidas¹

118 1341 186 1390 etium
196 1339 402 1404 Pythagoreorum
411 1339 543 1390 misidium
553 1338 639 1390 hahere
649 1354 680 1389 ee
690 1339 746 1390 aliie
755 1340 873 1400 scientiis,
887 1340 934 1389 icit
943 1341 975 1389 od
988 1339 1134 1388 theodoram
1147 1337 1223 1400 cere-

119 1421 173 1463 nse,
183 1410 211 1454 st
219 1407 342 1454 docerem
351 1403 381 1454 ch
387 1419 414 1452 eo
426 1403 602 1454 Geometriomr
612 1410 636 1454 et
646 1405 695 1454 icit
705 1419 778 1468 saque
787 1405 814 1453 is
824 1404 957 1469 Βῆριν
963 1407 1125 1466 sommas
1136 1404 1224 1450 Astis·

117 1469 217 1531 logiam
226 1475 296 1533 cipue
305 1470 379 1518 etiem
388 1473 416 1516 st
426 1467 461 1516 ihi
470 1470 593 1518 doceretur
603 1468 751 1518 sammitis
761 1469 953 1518 reimerum.
983 1467 1113 1518 Aerarius
1122 1463 1224 1514 tration

118 1533 335 1595 permanserat
347 1533 371 1581 E
416 1538 467 1581 tam
485 1532 642 1582 Tarentinam
659 1538 684 1582 et
700 1532 751 1582 Arc
785 1538 835 1582 torre
852 1533 966 1582 maiorem
978 1531 1153 1595 Pythagoreos.
1190 1529 1224 1576 Et

118 1597 240 1658 οιϋαὶοιιί
255 1602 356 1647 memora
371 1547 532 1660 zipheorum
543 1597 617 1646 indos
631 1601 656 1647 et
670 1597 768 1660 magos,
782 1597 809 1646 ai
824 1596 884 1646 helle
894 1595 961 1647 Acie
972 1600 1030 1645 tum
1036 1593 1225 1659 protheum.

580 1735 759 1758 ΜΟ

118 1861 216 1908 gorram
223 1846 327 1908 genium.
342 1844 433 1894 ld.-l
451 1843 598 1895 dimidiae.
610 1847 643 1894 ol.
660 1844 746 1900 Id.-†
763 1843 818 1894 Alii
831 1844 990 1910 Cyrenis-2
1008 1840 1110 1893 Beued.
1120 1840 1221 1892 discere·

121 1911 240 1962 oid-a
258 1909 332 1958 Harl.
342 1909 419 1959 Vnic·
430 1907 531 1958 Beued.
542 1910 617 1958 Voss.
624 1908 687 1969 suit.
698 1909 789 1958 ld.-t
807 1909 882 1958 Harl.
893 1909 937 1958 rit.
947 1908 1030 1958 etiarm
1054 1905 1139 1956 Abest
1150 1906 1224 1955 etima

121 1975 248 2026 aBeued·
265 1974 353 2024 idei
371 1974 431 2023 Viti·
449 1975 512 2024 Not·
528 1973 645 2023 Van-ti
660 1973 728 2024 lidd.
739 1980 801 2022 aute
818 1973 891 2022 colv.
909 1977 1032 2022 sectatam.
1049 1969 1223 2034 Oudendorp.

120 2044 169 2088 -7
184 2039 312 2088 Sarisher.
346 2038 432 2087 Medos
456 2039 544 2100 Magos
568 2053 584 2088 e
607 2039 671 2087 Var.
696 2039 772 2088 Lect.
797 2037 921 2087 Idem-8
945 2035 1021 2085 Harl.
1045 2039 1101 2084 tssc
1122 2047 1177 2082 eam
1200 2034 1223 2085 h.

120 2101 223 2152 Bened.
262 2103 341 2149 Voss.
362 2107 420 2150 tunc
435 2107 459 2150 et
474 2116 528 2150 mm
544 2101 567 2151 i.
583 2101 716 2151 Idem—9
738 2100 901 2164 Polycratiel
923 2099 1054 2162 scriptor:
1090 2098 1150 2147 Nisi
1171 2112 1224 2147 esar

118 2167 243 2230 procedere
260 2165 388 2213 vetuissent
408 2165 468 2213 heila
490 2163 604 2213 Caletico.
621 2163 710 2214 Laiirt.
737 2162 830 2226 Astyra
846 2164 876 2222 dh
892 2163 906 2213 h
924 2161 1027 2213 Πλάτων
1049 2160 1088 2212 reci
1104 2163 1158 2212 eois
1177 2159 1221 2223 μό·

121 2245 174 2290 pora
189 2226 307 2288 συμμίξαι·
318 2227 356 2276 m
371 2225 397 2276 δὲ
412 2227 468 2277 rohr
488 2229 532 2286 τῆς
543 2225 624 2277 ’holca
640 2227 758 2289 πολέμους
772 2227 873 2288 haiom.
893 2229 997 2277 Colchus.
1023 2227 1138 2277 Floreat.
1149 2226 1223 2276 Leid·

75 2307 78 2312 ·
121 2295 256 2356 Excerpta
273 2292 386 2341 Puteani
405 2297 432 2340 et
448 2292 542 2342 Batsv.
560 2293 635 2342 Rom.
652 2293 725 2342 Futv.
744 2293 849 2343 saresb.
868 2293 974 2342 Galatica
992 2291 1092 2341 habuit.
1110 2290 1222 2340 Etruehh.

121 2355 264 2408 Bellnscil.
298 2356 359 2420 Cyri
371 2356 476 2406 minoris
486 2355 640 2406 cumfratre
655 2356 818 2407 Artaxerxe:
836 2371 895 2406 uam
907 2363 937 2407 ut
951 2357 988 2406 ait
1006 2355 1092 2406 Lairt.
1111 2353 1149 2404 διὰ
1167 2353 1224 2405 rohr

121 2424 165 2481 τῆς
175 2419 256 2470 ’Arica
269 2418 394 2482 πολέμους.
427 2421 601 2470 Nihilominus
621 2420 689 2470 alind
709 2422 771 2486 quid
787 2421 830 2473 liic
848 2423 931 2470 latere
944 2420 1056 2484 probant
1071 2421 1137 2469 Mss.
1150 2419 1186 2468 0.
1198 2419 1223 2470 J.

122 2486 248 2537 Sarisher.
265 2493 293 2535 et
307 2485 356 2534 Ed.
370 2485 446 2534 Rom.
461 2485 587 2535 hahentes
601 2485 723 2534 Coletico:
738 2486 806 2550 quod
818 2485 881 2550 qnid
893 2486 927 2534 sit
941 2499 992 2534 uon
1005 2483 1152 2548 perspicio:
1171 2496 1222 2531 nou

120 2551 190 2601 cuitu
202 2550 262 2600 lude
292 2550 331 2597 uis
342 2549 423 2610 lingat
434 2549 469 2598 B.
477 2550 545 2599 Asia
555 2550 678 2608 calefacto.
709 2550 888 2599 verosimilius
900 2550 965 2598 latet
975 2564 1069 2599 nomeu
1079 2547 1223 2610 proprium,

121 2615 267 2664 accuratius
274 2565 415 2676 herigarius
425 2613 518 2677 locum,
525 2613 571 2662 ubi
583 2614 609 2661 id
618 2613 714 2661 bellum
726 2614 804 2664 luerit
813 2621 931 2678 gestum:
949 2626 1029 2677 quare
1037 2613 1124 2663 malim
1133 2613 1222 2674 legere

123 2679 238 2729 ctotoao
250 2679 291 2726 rel
305 2677 443 2726 Choldoiou.
476 2679 528 2727 Res
540 2676 607 2726 euim
623 2683 697 2739 gesta
713 2687 752 2727 est
769 2679 841 2728 circe
851 2677 1021 2743 Babylonem.
1053 2678 1087 2725 V.
1097 2675 1223 2739 Xenoph.

122 2741 266 2805 Exp.Cyri
283 2755 309 2803 p.
324 2745 450 2790 mitit.
484 2741 537 2790 Hic
554 2743 632 2791 etiam
652 2742 726 2803 Magi
740 2757 795 2807 praa
815 2743 911 2791 ceteris
930 2741 1039 2792 nobiles.
1073 2740 1104 2790 In
1122 2740 1168 2789 lib.
1187 2739 1221 2789 dc

120 2806 222 2854 Mnudo
234 2820 259 2867 p.
269 2809 327 2854 ⁷40.
342 2803 503 2854 ‘Asiaticum
514 2804 639 2868 reguum'
655 2806 682 2855 ln
693 2807 758 2857 Mas.
769 2806 849 2867 etiam
861 2812 1011 2868 corruptum
1023 2806 1099 2853 estin
1110 2803 1222 2853 Atticus

122 2870 165 2917 rel
183 2870 300 2920 Atticum.
318 2867 435 2919 Oua-1
455 2869 496 2918 Al.
515 2869 726 2921 Pannonium-s
744 2871 804 2920 Non
824 2877 864 2918 est
883 2870 909 2919 iu
929 2869 1095 2920 Florentinis.
1112 2867 1222 2917 Eimmh.

617 3014 724 3066 Nom

154 3135 167 3161 ⁸
184 3125 466 3192 Quodethcgoreorrtm
476 3127 598 3190 ingenium
608 3130 651 3178 od·
723 3134 736 3160 ¹
752 3128 871 3192 Emptam
889 3127 1055 3187 Tarentinam,
1065 3131 1089 3175 et
1104 3125 1223 3175 seniorem

115 3203 199 3264 jutum
207 3202 264 3252 aliis
273 3202 415 3266 disciplinis]
428 3205 487 3254 Nou
500 3209 528 3252 ut
540 3204 650 3268 Cynicu-
690 3203 832 3268 Archytam]
853 3204 986 3253 Philotam
996 3211 1074 3268 atque
1085 3201 1223 3264 Eurythmi

121 3294 188 3343 rum,
205 3279 248 3343 qni
263 3278 417 3342 posthabitis
437 3281 551 3329 naturali
567 3287 594 3329 et
610 3295 650 3329 ra·
690 3280 769 3330 habet
781 3279 909 3330 Laertius.

120 3351 210 3404 tiouali
222 3353 393 3419 philosophia,
410 3354 650 3420 uolneratisque
722 3363 734 3398 5
750 3355 830 3418 Atque
840 3357 871 3404 nd
882 3356 955 3406 ludos
964 3361 988 3405 et
1000 3355 1098 3415 Magos,
1112 3356 1153 3417 hc.
1172 3354 1223 3402 nisi

121 3430 264 3480 durissimae
273 3437 351 3494 atque
362 3429 651 3493 impudentissimaestu·
690 3446 742 3481 eum
753 3432 814 3480 hello
824 3437 879 3480 turso
888 3433 1015 3481 vetuissent
1026 3430 1149 3492 Asiatico]
1171 3430 1224 3478 Di-

122 3506 237 3557 debautt
256 3520 342 3571 neque
358 3514 388 3556 ut
400 3506 596 3570 Epicureorum,
607 3507 651 3572 qui
691 3519 785 3569 ogeues
805 3507 893 3557 La'e'rt.
910 3505 994 3568 διέγνω
1005 3507 1034 3564 δὴ
1045 3506 1058 3553 ὁ
1069 3503 1171 3555 Πλάτων
1181 3504 1224 3554 sah

121 3583 266 3632 naturalem
285 3581 389 3646 quidem
408 3582 601 3646 Philosophiam
623 3591 651 3633 st
689 3584 742 3632 eois
760 3581 844 3644 μάγοις
867 3582 985 3646 συμμίξαι·
1006 3583 1045 3632 διὰ
1065 3581 1090 3631 δὲ
1106 3584 1161 3631 τοῦς
1176 3583 1223 3639 τῆς

121 3658 245 3708 moralem
256 3658 385 3721 colebant,
395 3659 651 3722 atrespuelmntMa·
690 3659 770 3710 ’satas
787 3661 906 3724 πολέμους
926 3660 1027 3720 ἀπέστη.
1045 3660 1224 3710 ‘decreverat

122 3734 277 3785 thematicas
286 3731 445 3798 disciplinas,
457 3735 626 3799 etLogieam.
692 3737 769 3787 Plato
784 3738 864 3788 etism
882 3737 1005 3802 congredi
1018 3735 1113 3799 Magis,
1131 3748 1223 3785 verum

155 3819 171 3844 ⁹¹
187 3811 228 3862 Ad
239 3810 650 3875 ummommcoresos,s5c.]1dem
691 3819 799 3876 propter
814 3812 884 3862 Aere
904 3812 974 3862 helia
993 3812 1125 3876 proposito
1140 3810 1224 3860 desti·

121 3885 200 3935 habet
216 3886 303 3936 Laiirt.
316 3887 360 3951 qui
371 3893 456 3936 tamen
469 3888 605 3937 Platonem
617 3888 649 3938 ad
692 3888 741 3938 tit:
775 3890 850 3938 Bella
861 3889 917 3938 haee
929 3889 1050 3939 ridentur
1063 3887 1144 3937 l'uisse
1157 3888 1223 3952 Cyri

121 3962 313 4026 Pythagoricos
333 3964 360 4012 in
376 3964 480 4014 Italiam
492 3966 564 4028 prius
575 3965 650 4014 ivisse
690 3963 805 4018 duuioris
822 3964 947 4014 adversus
960 3965 1132 4015 Artaxerxem
1145 3965 1224 4013 Mne-

124 4034 216 4099 tradit‚
231 4051 262 4086 ac
285 4044 373 4102 postea
391 4038 537 4102 profectum
560 4040 586 4088 iu
608 4039 651 4088 AE·
691 4054 793 4090 monem
810 4040 917 4091 fratrem
934 4057 1019 4104 auum,
1036 4057 1052 4091 a
1068 4057 1118 4105 quo
1134 4044 1222 4093 victus

123 4119 234 4177 gyptum
245 4113 277 4163 ad
290 4114 434 4179 Prophetae
442 4116 651 4182 sacerdotesque.
692 4124 769 4183 atque
780 4118 805 4168 iu
818 4119 874 4171 acis
885 4133 968 4185 casus
977 4125 1033 4169 est:
1049 4126 1094 4170 aut
1104 4119 1222 4170 Pharna-
