2694 4710
118 320 203 385 1068
440 329 552 378 arun.
577 329 627 379 nn
652 329 766 376 neon.
789 324 895 373 surr.

93 481 197 551 'tur,4
221 474 460 538 immutabilem
485 472 706 536 ordinationis
729 474 897 553 paternae⁵
923 468 1045 530 statum
1074 465 1215 528 teneant.

118 574 327 640 Daemonas⁶
345 594 436 650 vero,
459 593 547 657 quos
572 571 703 637 Genios
718 580 754 634 et
769 571 872 634 Lares
888 584 1071 650 possumus
1085 584 1232 644 nuncu-⁴

117 684 226 756 pare,⁷
241 676 408 740 ministros
422 675 574 756 Deorum
590 671 787 742 arbitratur,8
809 667 1033 748 custodesque
1045 665 1216 727 bominum
1248 709 1251 714 Α

119 787 154 843 et
168 780 378 863 interpretes,
393 779 422 840 si
439 777 519 860 quid
536 795 557 840 a
573 775 650 840 Diis
664 776 792 841 veiint.p
835 771 912 836 Nec
935 768 1014 834 s'ane
1035 769 1151 832 omnia
1166 787 1216 830 re-

117 879 278 944 serenda⁹
295 878 338 942 ad
355 880 421 941 vim
436 877 498 942 iuti
514 885 607 961 putat
624 898 631 941 :
656 879 802 946 sedasse
817 872 946 956 aliquid
961 872 995 934 in
1009 871 1116 944 nobis,
1133 875 1170 934 et
1183 870 1217 930 in

118 980 293 1045 fortunam
308 998 384 1043 esse
399 978 563 1042 nonnihil:
589 985 625 1042 et
638 978 780 1041 fortunae
796 974 932 1058 quidem
946 971 1037 1053 [586]
1053 971 1217 1052 improvi-

120 1081 184 1146 dos
208 1100 308 1144 casus
331 1081 478 1160 ignorari
492 1100 513 1144 a
527 1082 625 1145 nobis
642 1081 773 1144 fatetur.
819 1075 983 1140 Instabile
1006 1074 1093 1136 enim
1118 1071 1219 1152 quid·

120 1183 199 1247 dam
212 1188 246 1247 et
260 1183 432 1245 incurrens
448 1181 650 1245 intercedere
664 1179 797 1255 solere,²
812 1195 889 1259 quae
905 1174 1047 1238 consilio
1073 1171 1218 1234 fuerint³

115 1356 205 1400 statem
214 1352 355 1428 immobilem
363 1355 522 1429 dispositionis
532 1355 596 1404 illios
608 1356 657 1431 ilci
669 1354 774 1418 parentis
784 1354 891 1402 mbram.
927 1349 1058 1398 Existimat
1068 1352 1149 1396 nutem
1158 1346 1217 1393 Doe·

117 1417 546 1545 miribiliter-titii,
557 1420 687 1542 inliti
694 1419 785 1544 ..itti
794 1414 1221 1539 tbitlbtttbtttbt

117 1543 227 1592 noiomo
243 1545 393 1594 attribuendo
408 1560 458 1594 esse
472 1547 587 1608 potentie
600 1547 669 1607 Fati,
678 1561 758 1594 oerum
768 1545 858 1607 aliquid
868 1544 968 1604 pendere
978 1556 993 1588 o
1004 1539 1078 1595 nobis,
1089 1542 1114 1586 et
1124 1537 1220 1599 aliquid

117 1609 241 1666 penderes
250 1609 328 1657 Cosa:
345 1615 368 1657 et
375 1609 500 1673 confitetor
511 1610 604 1671 quidem
615 1624 657 1657 nos
667 1624 713 1657 non
723 1621 859 1670 cognoscere
870 1620 937 1654 cusos
948 1603 1086 1664 improvisos
1098 1602 1220 1649 Fortunoe.

121 1670 184 1719 Nam
192 1671 284 1734 aliqud
291 1673 427 1721 incantans
436 1677 461 1721 et
469 1673 627 1724 interveniens
634 1674 707 1724 solere
717 1674 808 1724 obstare
816 1672 855 1735 iis,
865 1667 1013 1734 consuerint
1022 1668 1114 1730 inceptu
1122 1664 1221 1714 conniis

581 1798 757 1820 ‘mono‘

121 1877 209 1941 inepte
227 1879 343 1939 greoiter.
376 1880 451 1928 Voss.
470 1881 567 1929 retinet.
585 1880 703 1929 Ond.-d
720 1879 761 1928 lta
779 1878 894 1940 reposuit
913 1892 927 1924 e
946 1891 991 1924 siro
1008 1875 1072 1924 Cod.
1092 1876 1168 1923 Vnic.
1192 1881 1222 1922 et

122 1955 194 2005 seqq.
205 1957 263 1990 cunr
275 1944 352 2006 vulgo
363 1943 485 1992 ederetur
502 1961 553 2008 ques
563 1961 578 1992 u
588 1944 728 1993 scelestibus.
762 1943 793 1992 ln
805 1944 881 1992 Voss.
891 1951 919 1988 et
931 1939 1006 1988 Harl.
1016 1938 1097 1987 Codd.
1110 1954 1163 2002 quoe
1174 1954 1221 1986 eoe-

121 2006 187 2054 lestis
197 2011 266 2055 mort.
278 2008 441 2069 exhibeantur,
451 2007 500 2056 nisi
513 2009 579 2072 qnod
592 2010 666 2058 Voss.
677 2007 827 2056 exhibentur.
861 2006 975 2053 Floreat.
995 2018 1046 2065 poce
1062 2002 1193 2051 caelestibus
1205 2018 1222 2050 a

120 2076 190 2118 mort.
223 2068 260 2117 At
272 2071 370 2119 Beued.
392 2079 491 2119 tanturn
509 2087 560 2135 que
571 2074 669 2121 celestis
680 2072 782 2120 exbibet.
795 2070 851 2119 scii.
865 2075 940 2130 pater
951 2068 1225 2130 exsuperantissimus,

119 2132 187 2180 unde
199 2132 287 2181 subdit
303 2135 458 2182 ordinationis
467 2141 589 2196 poterncs:
607 2149 666 2182 narn
682 2135 718 2181 ibi
731 2135 796 2181 male
807 2134 889 2181 Wow,
906 2131 1021 2193 conjecit
1036 2135 1141 2179 aeternoe.
1158 2144 1221 2192 pag.

122 2199 179 2243 205.
198 2196 330 2244 habuimus
354 2201 448 2257 ‘pater
464 2198 497 2244 de
514 2211 613 2245 summo
630 2197 710 2245 Deo*
739 2197 808 2244 Vide
829 2201 856 2244 et
875 2195 977 2242 Platon.
996 2195 1019 2242 d.
1037 2194 1054 2242 Ι.
1088 2194 1181 2241 Posses
1193 2199 1223 2239 et

121 2260 433 2308 castromonasterii.
468 2261 491 2308 N
495 2275 535 2308 am
547 2261 638 2309 celitus
649 2273 775 2321 nrrsquarn
788 2259 886 2308 Auctor
897 2258 1014 2318 adhibet,
1025 2271 1073 2305 nec
1085 2257 1164 2306 etium
1176 2257 1222 2303 iiio

123 2322 232 2383 priores.
266 2323 317 2370 Sed
339 2323 497 2382 Lactantius,
515 2323 682 2384 Prudentius,
694 2323 843 2371 Ammianus
858 2321 896 2370 usi
908 2321 1015 2370 fuerunt
1026 2335 1082 2368 cum
1095 2320 1224 2382 posterio-

120 2385 198 2433 ribus.
215 2385 300 2434 lit-⁵
319 2387 386 2437 Quid
398 2387 436 2434 si:
454 2392 566 2435 oeternoe?
584 2388 783 2437 wernerius-ti
799 2388 934 2435 Domones.
963 2384 1224 2433 BenedDaernonios.

121 2449 282 2498 scribendum
304 2451 359 2499 scil.
380 2451 506 2499 Demonus
521 2465 578 2499 cum
598 2451 710 2500 Florent.
725 2452 801 2499 Voss.
820 2449 895 2498 Harl.
913 2448 988 2496 Volo.
1005 2456 1034 2496 nt
1053 2448 1144 2510 passini
1162 2461 1222 2496 curn

122 2513 177 2560 aliis
190 2512 289 2562 Auctor
302 2529 356 2562 acc.
370 2515 436 2575 plur.
448 2515 475 2562 in
486 2515 630 2562 nominibus
642 2516 744 2563 Graeae
756 2513 861 2574 originis
878 2511 1009 2574 exprimit.
1026 2510 1059 2559 de
1071 2512 1129 2558 Deo
1146 2511 1222 2558 Socr.

122 2576 148 2624 iu
161 2575 179 2626 f.
199 2577 338 2626 ‘Sirenas’
355 2578 467 2626 Oui-i
485 2578 587 2625 Bened.
602 2592 772 2639 nuncupamus,
789 2578 815 2625 in
827 2591 877 2641 quo
889 2589 949 2624 mox
960 2575 1034 2623 abest
1046 2575 1160 2622 Deorum.
1178 2573 1222 2621 Id.

121 2644 170 2687 -8
188 2641 306 2689 Florenr.
323 2641 398 2688 Voss.
411 2641 485 2688 Harl.
503 2641 568 2689 Edd.
581 2649 641 2688 anre
654 2642 728 2689 Vrrlc.
741 2640 790 2690 Ed.
804 2655 857 2690 sec.
867 2639 1023 2689 arbitrentur.
1040 2637 1131 2686 la-s
1149 2635 1224 2695 Refe-

121 2705 195 2751 rnnlu
206 2717 262 2751 esse.
295 2704 338 2752 Sic
349 2703 426 2752 Harl.
436 2703 551 2752 Floreat.
561 2705 638 2754 Voss.
650 2703 719 2753 Edd.
730 2705 797 2753 Eim.
810 2703 891 2752 Scriv.
903 2703 974 2752 Flor.
1002 2701 1223 2763 Areiiquisbene

123 2765 152 2814 rb
169 2781 218 2815 esse
234 2767 329 2815 exulat.
363 2768 479 2817 Floreot.
490 2768 565 2816 Voss.
583 2769 656 2817 Harl.
672 2773 767 2830 putant.
786 2767 874 2818 ld.-1
893 2766 968 2814 Harl.
988 2765 1086 2814 Bened.
1099 2766 1176 2813 Voss.
1195 2772 1224 2814 et

125 2829 193 2878 Edd.
204 2831 301 2878 eaedem
314 2844 403 2879 rursus
414 2828 513 2880 addunt
523 2830 552 2878 rb
563 2847 623 2882 esse.
657 2833 692 2880 Et
703 2846 763 2880 mox
777 2846 823 2894 pro
842 2837 866 2880 et
877 2831 939 2889 fort.
957 2828 1225 2878 Florent.V0ss.1Be-

124 2893 184 2943 ned.
197 2893 247 2954 p'os
256 2896 372 2953 senona.
406 2893 489 2942 Abest
498 2896 592 2957 qum
608 2894 868 2945 Edd.auteVu10an.
882 2908 927 2958 pro
942 2907 973 2941 eo
985 2893 1083 2941 Bened.
1095 2894 1165 2953 quod.
1182 2892 1225 2939 Id.

123 2961 172 3006 —2
189 2957 337 3007 Intereedere
353 2972 382 3007 eo
400 2959 481 3007 solere.
513 2959 605 3008 Totam
623 2961 688 3008 banc
707 2959 840 3020 periodum
858 2965 1006 3019 corruptam
1026 2964 1096 3004 recta
1113 2956 1225 3005 restitui.

123 3020 274 3070 Wowerius.
308 3022 357 3070 Ed.
375 3022 624 3072 Bas-sec.ineedere.
657 3022 994 3072 EddauteVuicanitern
1008 3019 1223 3068 Woueriiirrtero.

125 3098 153 3133 eo
163 3086 252 3135 solere:
263 3086 308 3134 sed
321 3092 410 3135 carent
419 3088 455 3148 τῷ
465 3101 493 3135 eo
504 3087 568 3136 Mss.
580 3095 608 3137 et
618 3087 681 3135 satis
693 3087 895 3149 subintelligitur
907 3086 932 3133 in
942 3085 977 3147 τῷ
986 3099 1046 3146 que.
1075 3084 1224 3146 Eleganter

620 3214 729 3266 NOTAE

157 3319 170 3351 Ρ
183 3311 217 3360 Et
226 3311 375 3375 interpretes,
383 3311 405 3360 si
415 3311 472 3374 qnid
480 3325 495 3360 o
503 3311 561 3360 Diis
569 3311 654 3373 velint]
728 3319 740 3353 l
756 3313 792 3360 Et
803 3309 1004 3372 insertionis]
1027 3311 1119 3359 Fatum
1127 3317 1154 3357 et
1163 3311 1227 3360 For·

127 3387 233 3451 Noster,
250 3388 283 3438 de
299 3389 355 3437 Deo
370 3390 499 3439 Socratis:
516 3390 655 3438 ‘Ceterum
697 3396 785 3438 tunam
801 3389 838 3436 sic
856 3388 989 3450 distinguit
1001 3388 1100 3436 Mersit.
1112 3388 1226 3450 Ficinus,

125 3472 185 3513 suot
196 3463 315 3528 quaedem
327 3464 421 3513 divinar
433 3465 525 3514 inediae
536 3466 655 3514 Potesta-
696 3463 723 3513 in
741 3462 902 3524 Argurnento
919 3462 964 3511 lib.
982 3475 1019 3511 ιν.
1040 3462 1168 3522 Platonis,
1190 3462 1224 3510 de

126 3547 177 3601 tes,
189 3540 258 3588 inter
268 3554 393 3588 sirmmurn
406 3539 504 3588 aethera
515 3546 544 3588 et
555 3539 655 3589 infimas
696 3538 825 3602 Legibusr
841 3540 848 3566 ‘
860 3538 981 3586 Ceterum
992 3538 1036 3585 illa
1046 3538 1104 3599 ipsa
1115 3551 1225 3586 concur·

127 3619 224 3673 terras3
242 3614 269 3661 in
288 3615 339 3663 isto
352 3612 471 3662 intersito
483 3613 548 3663 siris
560 3615 656 3679 spatio,
694 3615 793 3663 sionum
807 3613 950 3663 ooelestium
967 3611 1110 3675 dispositio,
1122 3615 1225 3676 qnando

128 3702 177 3753 per
188 3704 250 3754 quas
263 3697 291 3739 et
303 3689 434 3738 desideria
444 3695 532 3739 nostra
544 3690 655 3740 etmeri·
696 3690 754 3738 telis
775 3689 902 3751 provenit,
923 3694 951 3736 ot
972 3696 1053 3736 artem
1077 3689 1227 3737 necessario

127 3772 154 3815 ta
166 3766 198 3815 ad
217 3766 287 3814 Deos
301 3770 455 3814 commeant.
487 3766 544 3814 Hos
561 3765 655 3814 Graeco
696 3770 850 3828 superatura
860 3763 902 3820 sit,
920 3763 1009 3811 Fatum
1021 3762 1116 3811 dicitur
1127 3766 1226 3826 potius,

46 3836 48 3839 ’
127 3839 655 3903 nominebalnornsnuncupant‚inter'.l¹er-
696 3853 772 3903 qoem
791 3839 920 3887 Fortuna:
955 3837 1137 3900 quandovero
1157 3840 1227 3899 talis,

127 3919 221 3967 ricolus
240 3917 428 3980 Coelicolasque
452 3923 570 3966 vectores
590 3916 650 3966 bino
695 3921 725 3963 ut
736 3927 891 3975 exsuperare
901 3913 1011 3961 inertem
1020 3913 1110 3976 possit,
1118 3917 1230 3976 etsnpe'·

128 4005 245 4055 precum,
256 3991 317 4040 inde
329 3991 466 4041 donorum:
481 3993 525 4057 qui
540 3993 608 4041 uitro
620 3991 655 4040 ci·
695 3988 748 4036 rari
760 3988 793 4038 ab
805 3995 871 4045 arte,
887 3987 1000 4039 Fortuna
1012 3988 1098 4052 potius
1110 3991 1227 4038 nomina·

129 4075 224 4131 troque
236 4072 341 4130 portant
352 4066 412 4118 hinc
429 4067 581 4132 petitiones,
596 4067 656 4116 iude
696 4063 757 4115 tur.’
859 4119 860 4123 Ἰ

129 4141 335 4208 suppetias,’&c.
