2694 4710
176 291 262 359 lore
496 309 610 358 aruc.
635 309 824 375 nnnoou.
850 310 957 360 rns‘r.

175 469 250 513 nem
265 467 343 513 vero
358 447 467 513 ndreae
480 457 609 514 naturae
633 451 841 534 participem,
865 452 965 516 airiis
991 451 1138 514 nuntiis5
1166 453 1278 532 perci-

175 569 256 633 pere
269 569 416 615 sonores.
459 550 483 614 J
485 571 539 614 am
554 549 732 632 gustatus⁶
756 553 935 614 solutiores
950 571 1024 614 esse
1040 569 1169 626 sensus,
1179 552 1277 614 idco-

120 704 124 712 ,
176 671 244 734 que
255 651 495 716 humidioribus
508 652 622 734 potius
639 660 673 715 et
687 652 825 733 aquosis
841 652 1098 715 commodatos.⁷
1132 650 1277 715 Tactum

175 752 274 815 etiam
290 751 470 816 terrenum8
487 756 587 833 atque
603 771 809 833 corporeum,
826 751 1182 834 solidiora,·quaeque⁹
1199 772 1278 816 con-

175 854 256 936 tingi
272 852 459 935 offendique
473 861 629 935 possunt,
652 856 798 917 sentire.¹
843 853 965 916 Eorum
980 854 1092 930 etiam,
1108 873 1187 934 quae
1204 874 1278 917 cor·

174 959 273 1037 rupta
286 957 481 1029 mutantur,²
494 960 648 1035 separata
657 953 873 1034 intelligentia
885 961 960 1018 est.³
1006 955 1045 1017 In
1061 955 1171 1018 media
1184 974 1278 1018 nam·

176 1073 241 1136 que
255 1053 386 1136 regione
401 1055 469 1116 oris
483 1075 581 1118 nares
596 1062 716 1119 natura
730 1053 912 1130 constituit,
927 1075 1067 1138 quarum
1083 1055 1183 1118 biiori
1197 1057 1278 1119 via*

175 1154 259 1218 odor
284 1173 360 1217 cum
389 1155 509 1238 spirito
533 1162 723 1219 commeat.⁵
768 1155 1014 1219 Conversioues
1037 1163 1147 1219 autem
1164 1165 1277 1220 muta·

176 1253 378 1337 tionesque⁶
402 1255 560 1320 odoratus
587 1276 711 1320 causas
738 1254 847 1332 dare,y
874 1275 1001 1337 easque
1025 1256 1067 1319 de
1087 1259 1276 1338 corruptis⁷

176 1356 229 1418 vel
253 1355 396 1433 adustis
428 1359 479 1419 vel
502 1356 791 1433 mucescentibuS,¹
821 1356 875 1418 vel
904 1355 1103 1419 madefactis
1130 1357 1276 1434 sentiri,8

176 1476 251 1520 cum
266 1457 399 1539 quidem
414 1477 456 1520 ea
471 1478 548 1540 quae
564 1463 744 1534 vertuntur,
769 1475 893 1539 vapore
919 1457 973 1520 vel
998 1457 1088 1520 sumo
1103 1456 1275 1534 exhalato,

175 1674 250 1724 lucis:
268 1677 383 1725 Auditum
399 1684 487 1738 nutem,
505 1679 545 1739 qui
565 1680 595 1726 de
612 1677 677 1725 ciris
697 1682 784 1726 notura
804 1677 943 1739 participat,
961 1678 1048 1726 sentire
1069 1691 1136 1725 sonos
1155 1691 1198 1738 cpe
1215 1690 1277 1723 nun-

176 1740 263 1788 tiorum
273 1739 397 1788 ciriacum.
432 1743 502 1796 Quod
515 1744 546 1789 od
564 1744 668 1790 Gustum
683 1743 781 1805 attinet,
794 1742 939 1790 senentiam
953 1741 1004 1801 eius
1020 1756 1070 1789 esse
1083 1740 1194 1800 iuniores,
1204 1745 1275 1800 atque

175 1801 265 1850 ideirco
275 1817 402 1863 congruere
411 1805 489 1864 magis
499 1805 568 1852 rebus
576 1804 678 1852 humidis
689 1810 712 1852 et
722 1806 831 1866 aquosis:
850 1807 950 1853 Tectum
961 1820 1057 1867 quoque,
1067 1805 1106 1866 qui
1116 1804 1239 1852 terrestris
1251 1809 1282 1850 et.

176 1879 297 1928 corporeus
305 1872 350 1923 est,
358 1869 477 1930 percipere
487 1868 566 1916 omnia
576 1868 697 1927 solidiora,
707 1883 758 1930 quoe
766 1874 865 1929 possunt
880 1869 973 1930 palpari
992 1874 1016 1917 et
1034 1868 1111 1927 tangi.
1144 1867 1276 1914 Estetium

84 1941 87 1950 ·
176 1929 224 1977 clio
232 1931 351 1992 perceptio
363 1947 451 1994 corum,
462 1947 514 1994 ques
524 1947 555 1980 ex
564 1931 713 1993 corruptione
724 1931 888 1980 immutantur.
923 1933 988 1980 Num
998 1936 1085 1980 nutum
1092 1931 1183 1979 bennit
1190 1930 1216 1978 in
1227 1945 1276 1978 me-

175 1993 215 2040 dio
222 1995 289 2042 cultu
299 2010 389 2051 nusum,
397 2011 441 2059 per
451 1997 516 2057 cujus
524 1996 590 2044 binos
597 2001 688 2045 umatus
697 1998 754 2043 odor
758 1995 842 2053 fertur
860 2011 908 2044 reno
918 2011 970 2043 curn
985 1995 1069 2043 halitu.
1104 1994 1276 2042 Conuersiones

175 2063 287 2106 autemst
302 2059 477 2108 immutationes
492 2060 599 2122 prebere
609 2074 692 2108 cousus
702 2061 808 2116 obortus,
820 2065 890 2120 etque
900 2075 939 2108 ecs
953 2059 1043 2121 percipi
1055 2073 1086 2108 ex
1095 2056 1222 2120 corruptis,
1232 2063 1277 2105 uut

176 2121 296 2182 ustulatis,
306 2127 347 2170 cut
359 2123 556 2185 roucescentibus,
567 2129 609 2172 cut
620 2122 769 2183 humefactis,
779 2138 832 2171 cum
842 2125 936 2185 quidem
953 2138 981 2170 eu
994 2128 1144 2186 promuntur,
1154 2127 1179 2170 et
1195 2126 1276 2184 tepore

631 2276 767 2297 ‘mm
771 2276 815 2297 en

175 2414 236 2461 otios
248 2412 318 2475 Lips.
329 2411 425 2461 retheris
435 2412 578 2475 conjecere.
597 2413 684 2462 Iri-s
702 2413 744 2463 Al.
755 2410 839 2462 circis.
857 2412 971 2461 Floreut.
990 2411 1065 2459 Voss.
1084 2408 1184 2458 Bened.
1199 2410 1277 2460 Vulc.

175 2477 253 2526 uiris:
271 2477 346 2525 solita
358 2476 517 2526 confusione.
535 2477 624 2526 tet-o
641 2477 708 2526 Edd.
721 2485 781 2526 ante
793 2478 867 2527 Jnnt.
887 2484 952 2535 post.
969 2481 1061 2536 gaustus.
1096 2474 1191 2522 lisdem
1204 2474 1274 2523 Edd.

175 2541 267 2589 absunt
279 2540 310 2588 ric
320 2541 452 2600 solutiores,
462 2544 502 2603 irc.
515 2555 596 2603 nsque
608 2540 641 2590 ad
652 2543 752 2604 aquosis.
766 2541 855 2588 lu-r
868 2539 1071 2588 Humilioribus..
1082 2540 1275 2586 .ccmmendutos.

175 2605 271 2652 Mutila
282 2605 339 2652 haec
350 2604 382 2651 de
394 2613 470 2663 gustu
482 2604 542 2652 olim
554 2604 797 2659 animadverteram,
809 2618 888 2667 qnare
898 2619 928 2650 ea
935 2602 991 2664 jum
1003 2601 1109 2662 ascripsi
1121 2615 1152 2648 eu
1166 2601 1275 2649 Beroal-

176 2667 237 2714 diua
248 2666 371 2721 editione,
382 2674 410 2715 et
421 2667 569 2729 reponenda
581 2673 660 2728 puto:
677 2667 773 2728 ideoque
784 2667 954 2715 humidioribus
962 2666 1050 2727 potius,
1061 2671 1103 2714 out
1113 2665 1204 2726 aquosis
1212 2681 1275 2712 com-

174 2732 287 2779 modatos.
321 2730 469 2780 Quinimmo
481 2737 508 2778 et
519 2745 576 2792 quae
589 2731 622 2778 de
633 2729 730 2779 olfactu
742 2729 943 2794 subsequuntur,
956 2744 1013 2777 mea
1024 2729 1146 2790 opinione
1162 2729 1188 2775 in
1205 2729 1275 2778 hunc

175 2795 277 2841 moduni
290 2794 448 2842 restituenda
459 2811 466 2841 ε
487 2795 576 2842 Eorum
587 2794 669 2854 edom,
685 2809 737 2857 quce
748 2801 858 2857 corrupto
870 2795 988 2852 ridentur,
1000 2793 1125 2855 separandi
1136 2792 1172 2838 eis
1183 2793 1274 2840 intelli·

172 2859 253 2917 gendo
263 2862 308 2906 est.
341 2858 461 2921 Vulgatae
474 2857 602 2907 editiones
620 2858 652 2907 ad
668 2873 742 2906 tinum
760 2872 848 2907 omnes
860 2858 960 2919 legunt,
972 2872 1022 2920 quae
1033 2871 1126 2918 corrup.
1137 2856 1276 2915 imitantur,

175 2923 306 2983 separanda
323 2922 358 2969 uis
377 2922 447 2970 inest.
472 2921 638 2971 stewechius.
673 2921 856 2971 Humidioribus
873 2921 939 2969 bene
959 2922 1039 2970 Stew.
1064 2920 1138 2969 vute.
1158 2922 1207 2968 &c
1241 2920 1274 2968 ln

177 2984 244 3033 Edd.
255 2987 329 3036 Jnnt.
341 2993 407 3048 post.
421 2987 481 3034 Bas.
498 3001 552 3037 sec.
564 2987 636 3034 Colr.
648 2986 820 3034 humilioribus.
854 2985 928 3033 Harl.
940 2983 1122 3032 humistcribus:
1140 2983 1165 3030 iu
1179 2981 1273 3032 eodem
1303 3039 1306 3049 y

176 3057 203 3097 et
215 3051 290 3097 Voss·
301 3063 330 3096 ac
343 3050 442 3098 Bened.
461 3055 485 3099 et
503 3052 595 3114 aquosis
612 3054 661 3112 pot.
681 3052 861 3109 ¹commodatos
879 3061 980 3112 quoque
994 3048 1058 3097 bene
1070 3047 1185 3096 correxit
1194 3050 1274 3096 Stew.

175 3127 232 3161 curm
245 3113 366 3161 ederetur
376 3115 553 3176 communitates,
566 3122 595 3162 ut
606 3121 647 3162 est
661 3112 687 3160 in
701 3113 775 3162 Harl.
794 3114 904 3161 Oui-8
922 3111 1023 3160 Bened.
1035 3117 1112 3160 tuctus
1123 3115 1182 3159 terr.
1217 3110 1273 3159 Pro

174 3182 245 3238 utque
263 3176 340 3225 Harl.
358 3193 393 3224 uc.
412 3177 503 3226 ld.-o
520 3178 637 3226 Solidioru
652 3191 800 3239 quecunque.
835 3176 949 3225 Florent.
962 3176 1034 3223 Voss.
1047 3174 1120 3223 Fnlr.
1133 3173 1208 3222 Harl.
1221 3173 1274 3222 Be·

175 3241 235 3289 ned.
245 3255 348 3302 qusque.
382 3241 455 3288 Beue
467 3256 538 3290 sane.
554 3241 792 3303 Solidiora,etqure
801 3247 907 3300 possunt
917 3239 1040 3301 contingi.
1054 3241 1141 3287 tet—1
1155 3238 1274 3286 Florent.

175 3306 249 3353 Fulv.
262 3303 310 3352 Ed.
323 3303 405 3352 Scriv.
416 3310 441 3354 et
451 3306 540 3354 sentire
546 3310 651 3367 possunt.
685 3305 779 3353 Prave.
798 3303 886 3352 ld-2
903 3303 969 3352 Edd.
982 3309 1042 3350 aute
1054 3303 1128 3352 Junt.
1139 3308 1206 3364 post.
1217 3301 1274 3350 imi·

174 3373 265 3418 tantur.
300 3369 440 3429 Perpetem
461 3370 589 3418 stewech.
611 3368 731 3416 sidentur.
748 3367 838 3416 let-3
855 3367 899 3416 Sic
922 3367 985 3415 Mss.
1008 3375 1035 3414 et
1055 3366 1122 3414 Edd.
1142 3366 1216 3414 Vulc.
1241 3381 1273 3413 ac

176 3447 248 3496 seqq.
282 3431 387 3480 Priores
399 3435 530 3494 separanda
540 3433 577 3481 uis
589 3432 742 3492 intelligenda
758 3435 800 3479 est.
834 3431 904 3479 Hinc
916 3431 997 3479 Stew.
1008 3430 1133 3492 separandi
1142 3431 1187 3488 cis,
1202 3430 1272 3491 qrrod

175 3498 224 3544 non
238 3496 363 3556 intelligo.
379 3497 412 3545 R.
429 3498 567 3558 separando.
601 3496 760 3558 Intelligendu
776 3494 856 3542 habet
876 3494 950 3543 Harl.
967 3494 1054 3544 let-4
1071 3493 1114 3542 ΑΙ.
1124 3493 1272 3558 symphonia.

174 3559 236 3608 Vid.
250 3559 311 3607 Not.
324 3562 435 3609 Van-5
455 3560 552 3608 Bened.
569 3566 639 3608 ment.
673 3559 748 3609 Idem
760 3573 817 3607 cum
834 3559 908 3607 Voss.
921 3559 1116 3607 conversationes.
1150 3557 1216 3605 Vide
1229 3573 1273 3605 su-

175 3637 222 3685 pra
240 3623 272 3670 ad
293 3636 318 3685 p.
333 3629 390 3672 581.
409 3625 519 3674 Onu-c
538 3624 603 3672 Edd.
625 3624 768 3674 anteJunt·
787 3627 904 3684 posteat
916 3623 1065 3671 mutationes.
1082 3621 1182 3671 Bened.
1194 3623 1272 3669 Voss.

174 3688 291 3736 udormos.
306 3687 394 3736 lu-r
413 3688 497 3736 Abest
507 3690 536 3736 eie
546 3702 561 3737 a
572 3689 646 3736 Voss.
664 3689 752 3736 Id.-8
769 3686 829 3736 Vid.
848 3687 909 3736 Nor.
919 3688 1029 3735 Van-o
1046 3687 1148 3735 Restent
1159 3686 1272 3747 integre.

667 3849 775 3900 NOTAE

205 3988 216 4022 t
235 3981 403 4029 Conuersiones
421 3987 498 4030 nutem
518 3979 700 4043 mutationesque
741 3981 777 4028 set
788 3979 969 4040 mitescentibus,
981 3977 1058 4041 quod,
1069 3978 1090 4025 si
1102 3977 1220 4040 recipias,
1231 3977 1272 4027 in-

175 4059 285 4106 odcrctus
294 4071 376 4105 cousus
385 4057 454 4120 dure]
471 4058 540 4106 Vide
549 4058 682 4106 Timaeum.
742 4055 830 4119 tellige
842 4056 875 4106 de
887 4055 1014 4105 fructibus
1027 4054 1273 4108 maturescentibus.

206 4141 216 4164 ²
236 4132 279 4181 Vei
289 4134 479 4198 mucescentibua]
496 4134 546 4184 Ms.
557 4132 696 4182 Thurinus:
