2694 4710
130 324 217 390 loss
456 335 567 384 arun.
591 334 641 382 nu
663 332 781 382 nonu.
806 332 912 379 cunr.

132 487 233 561 aeret,
249 482 410 564 fieretque
426 481 548 562 etipse
564 485 676 543 totus²
691 475 883 540 modulatus
899 493 940 537 nc
954 473 1117 536 musicus.
1150 473 1233 537 Huc

111 589 112 592 ’
131 586 268 667 lingum
282 589 316 648 et
329 583 474 648 dentium
492 582 638 659 vallum,c
659 586 693 644 et
716 579 824 660 ipsius
846 575 976 640 osculi4
998 583 1159 639 venustas
1174 594 1231 637 ec·

130 687 253 751 cessit:
277 685 367 769 quod
382 684 517 769 quidem
533 685 608 747 aliis
624 683 846 746 animantibus
870 679 913 742 ad
935 678 1138 761 explendam
1159 678 1231 740 ric-

129 792 183 852 tus
197 788 443 863 necessitatem,
464 784 723 866 inserendasque
740 782 843 845 ventri
857 780 978 863 copias
995 786 1228 862 comparatum

28 942 30 948 .
130 896 200 970 est:
216 891 277 953 sed
291 888 438 953 homini⁵
454 887 695 970 promtuarium
706 883 816 967 potius
829 891 928 945 rectae
941 881 1083 944 rationis
1099 887 1136 943 et
1151 898 1229 943 sua·

128 991 279 1057 vissimae
295 989 456 1054 orationis
470 991 532 1054 hoc
549 989 662 1051 datum
679 983 779 1066 est3⁶
794 991 829 1049 ut
845 1003 921 1066 quae
937 972 1114 1066 prudentia
1126 981 1229 1045 eorde

130 1094 333 1177 conceperit,
348 1112 389 1157 ea
403 1101 523 1157 sensa⁷
545 1097 677 1175 promet
692 1089 814 1153 oratio.
859 1087 926 1151 Sed
942 1085 999 1149 et8
1026 1084 1133 1147 totius
1154 1099 1228 1146 cor·

127 1195 220 1278 posis
241 1195 375 1259 habitus
400 1203 434 1258 et
458 1195 564 1276 figura
589 1194 810 1257 membrorum
835 1189 906 1253 alia
930 1185 1120 1251 conditione
1148 1190 1228 1247 sunt

128 1297 267 1377 optima,
290 1298 357 1361 alia
378 1297 501 1376 longe⁹
520 1295 648 1377 pejora.
693 1293 856 1359 Interiora
877 1297 1055 1372 reguntur¹
1084 1287 1228 1370 optime·

127 1394 236 1456 tium²
261 1396 463 1477 praestantia,
483 1405 515 1458 et
538 1396 615 1477 ipsa
638 1394 854 1457 ministerium
881 1396 1056 1473 suggerunt
1068 1387 1227 1452 victuale.

128 1493 241 1558 Pedes
257 1494 399 1577 denique
413 1496 621 1559 humerorum
636 1499 751 1558 tenus³
773 1491 878 1575 capiti
892 1493 1061 1556 obediunt.
1107 1491 1157 1554 At
1171 1508 1227 1554 sn·

127 1698 272 1764 incipeque
290 1704 403 1751 evaderet.
418 1705 482 1751 totus
498 1715 635 1750 numerosus
650 1716 679 1749 ac
697 1700 807 1749 musicus.
842 1700 938 1748 Proeter
954 1697 1182 1774 linguomadditum
1193 1702 1228 1746 est

126 1768 217 1825 septum
228 1765 343 1826 dentium,
354 1772 378 1814 et
389 1769 457 1814 decor
467 1765 542 1827 ipsius
553 1768 610 1826 aris,
618 1768 680 1828 quod
690 1766 783 1826 quidem
797 1766 879 1839 datum
895 1770 930 1814 est
941 1765 1035 1839 ceteris.
1042 1761 1188 1812 anamalibus
1196 1763 1228 1810 ad

126 1826 307 1877 subveniendum
319 1831 455 1879 necessitati
464 1832 551 1892 victus,
562 1835 585 1877 et
596 1829 765 1891 suppeditanda
775 1830 888 1904 alimenta
898 1830 967 1904 ‘¹le
984 1834 1010 1904 pt
1025 1829 1085 1876 saud
1096 1840 1229 1875 concessum

126 1896 164 1938 est
175 1893 265 1941 domini
275 1898 302 1942 ut
313 1900 374 1942 esset
382 1909 457 1957 penus
468 1898 541 1943 rectae
552 1894 653 1942 rationis
663 1900 688 1941 et
702 1906 815 1941 sermonrs
821 1896 1000 1952 jucundissime,
1010 1898 1038 1940 nt
1052 1906 1127 1939 memo
1142 1887 1229 1952 efferat

124 1954 355 2019 illaecogr'tationes,
373 1973 430 2020 quas
443 1956 576 2005 Prudentia
586 1955 731 2014 feneraverit
746 1956 772 2002 in
788 1959 890 2016 pectore.
928 1955 1014 2002 Verum
1032 1955 1145 2002 lalanda
1156 1954 1228 2003 etiam

125 2020 200 2066 totius
210 2021 314 2082 corporis
324 2021 435 2077 etsorma
445 2019 576 2080 singularis
587 2024 630 2067 ert.
665 2015 825 2067 Membrarum
836 2018 943 2080 quadam
952 2018 1039 2066 latent
1050 2017 1165 2080 optimam
1174 2033 1228 2066 con·

124 2082 245 2140 ditionem,
256 2086 363 2146 quadam
374 2083 460 2133 labent
470 2085 543 2132 multo
557 2083 705 2132 deteriorem.
739 2082 800 2136 Qua
810 2083 928 2130 deteriora
938 2086 1003 2142 sunt,
1012 2081 1176 2143 gubernantur
1186 2095 1227 2130 ex·

124 2147 233 2195 cedentia
245 2148 374 2196 meliorum.
406 2149 484 2210 Atque
501 2149 554 2208 ipsa
565 2148 705 2207 sungrrnlur
718 2148 793 2210 qfficio
805 2141 935 2195 nutriendi.
972 2146 1080 2207 Denique
1098 2162 1113 2194 a
1129 2146 1228 2208 peditur

125 2224 198 2271 usque
208 2212 239 2258 ad
248 2211 356 2259 humeros
366 2213 445 2260 omnia
461 2211 563 2260 menbra
574 2217 659 2275 parent
670 2211 751 2272 capiti.
785 2211 862 2260 Parra
873 2216 940 2272 septa
956 2211 1134 2274 superciliorum
1145 2211 1226 2271 desen·

109 2454 183 2498 'can
193 2450 300 2500 disceret.
332 2450 406 2500 Voss.
418 2466 580 2513 numerusque.
599 2450 719 2502 oud-2
736 2452 809 2500 Totus
819 2451 876 2515 ipse.
893 2452 967 2500 Harl.
977 2452 1025 2513 ipse
1034 2457 1106 2501 totus.
1124 2453 1226 2502 Bened.

124 2515 200 2562 Voss.
217 2516 307 2578 etipse
326 2520 398 2565 totus.
433 2517 515 2563 Bene.
533 2518 620 2565 Id.—3
639 2517 752 2574 Margsr.
765 2516 842 2565 Pois.
858 2517 954 2576 lingua.
971 2517 1083 2565 Caluus.
1115 2517 1180 2566 Scil.
1199 2520 1225 2568 ln

124 2577 221 2627 dativo.
255 2580 350 2627 Contra
363 2580 427 2626 Mss.
439 2580 464 2627 id
482 2594 605 2641 recepere
615 2580 681 2628 Elm.
692 2580 774 2649 S'crin
787 2581 856 2630 Flor.
891 2581 1000 2643 Optime
1011 2581 1111 2630 Bened.
1122 2581 1168 2630 leuc
1179 2582 1226 2632 lin·

121 2657 180 2702 gua.
199 2641 596 2692 Oua.—4Harl.13ene‹l.acau.
609 2643 698 2691 lan-c
711 2644 833 2692 Hominis.
850 2645 950 2705 Malim,
959 2644 1056 2692 nomint.
1073 2646 1225 2696 Vulcanius.

123 2705 244 2753 Vulcanii
256 2706 436 2766 conjecturam
456 2715 540 2755 testor
558 2707 703 2757 confirmari
722 2708 804 2756 Fulvii
822 2722 949 2756 manuscr.
966 2709 1062 2756 lamini.
1079 2710 1187 2772 Sciopp.
1199 2711 1226 2760 in

122 2769 211 2830 symb.
245 2770 336 2817 Msstis
356 2771 433 2817 Vulc.
453 2778 481 2820 et
500 2771 573 2818 Fulr.
593 2772 695 2818 secedit
713 2772 829 2820 Florent.
849 2780 927 2832 atquc
947 2770 1055 2832 trajam
1076 2773 1225 2836 conjecerat

121 2834 199 2881 Sterr.
235 2832 304 2881 Ante
315 2834 427 2884 Wower.
438 2835 564 2882 edebatur
575 2834 684 2882 luminis.
709 2834 809 2882 Bened.
822 2835 911 2883 homini
925 2833 953 2882 ab
963 2841 1064 2896 prompt.
1097 2837 1224 2887 Procum-

118 2902 232 2960 paratum
250 2899 324 2948 Voss.
343 2900 531 2959 comparandum.
549 2898 669 2946 Oua-o
685 2898 745 2946 Vct.
763 2897 827 2946 edit.
838 2898 940 2946 rationis
949 2904 973 2946 et
983 2900 1130 2957 merissima
1141 2904 1224 2951 datura

120 2967 165 3010 ert.
184 2961 298 3010 Calvius.
331 2961 1000 3024 starariour'etocnanagnoscunrEddmntelunr.
1017 2971 1083 3026 post.
1116 2965 1170 3013 Pro
1181 2969 1226 3017 da·

120 3029 171 3072 turn
182 3024 283 3074 Bened.
294 3027 389 3074 elatum.
407 3025 477 3074 Oud.
511 3025 620 3074 Casenb.
632 3025 663 3073 nd
676 3025 754 3087 Apol.
768 3042 793 3087 p.
805 3031 862 3076 411.
880 3027 928 3075 Ed.
940 3027 1009 3076 Flor.
1021 3027 1104 3077 locum
1117 3030 1222 3081 citans:

120 3089 210 3137 lernini
220 3090 389 3151 promtuarium
400 3095 472 3138 recta
481 3094 528 3136 rat.
540 3095 563 3137 et
573 3104 639 3138 suar.
649 3094 710 3138 orat.
722 3105 749 3138 os
759 3092 841 3138 datum
852 3096 896 3151 est,
907 3089 1020 3140 fortasse
1032 3093 1113 3154 magis
1123 3093 1224 3143 Aucto·

119 3152 155 3201 ris
166 3167 266 3201 sensum
280 3167 355 3214 qnam
375 3155 454 3202 verbu
473 3153 506 3201 ob
524 3154 611 3201 ocnlos
629 3154 727 3202 lrabuit.
759 3154 841 3211 Alius,
851 3154 873 3202 si
883 3169 908 3204 oe
921 3156 997 3203 Mutis
1010 3158 1113 3217 probari
1126 3166 1224 3223 posset,

120 3217 238 3280 apprime
250 3218 376 3279 placeret.
393 3218 420 3266 J.
432 3217 594 3266 Baricha-l
613 3217 687 3265 Harl.
703 3223 848 3280 conceperat.
880 3221 955 3267 Voss.
975 3222 1086 3283 concepit.
1118 3222 1222 3274 Bened.

119 3282 251 3342 conceperit
270 3294 310 3329 eas
325 3297 374 3329 usa.
392 3281 509 3331 Onu-8
527 3280 601 3333 Harl.
618 3282 693 3330 Voss.
711 3289 739 3330 et
757 3281 825 3333 Edd.
843 3289 904 3332 ante
916 3283 1027 3331 Vulcnn.
1040 3299 1097 3333 curn
1111 3287 1224 3336 Wower.

117 3346 321 3394 nonlrabeutet.
338 3344 430 3394 let-9
446 3346 521 3395 Rom.
537 3351 564 3395 et
582 3347 643 3395 Bas.
662 3348 687 3393 2.
706 3345 822 3409 Reliquae
839 3352 908 3409 atque
926 3349 1002 3408 longe.
1028 3349 1142 3398 Colvlns.
1174 3350 1221 3401 Sic

117 3419 190 3458 recte
200 3410 266 3459 Mss.
279 3415 306 3458 et
317 3409 383 3458 Edd.
394 3418 455 3458 ante
467 3410 583 3459 Elmenh.
595 3409 712 3471 exceptis
724 3411 804 3460 Basil.
815 3412 841 3458 in
851 3411 942 3473 quibus
951 3418 1020 3474 atque
1029 3414 1045 3460 l.
1063 3414 1130 3461 unde
1140 3414 1221 3466 Srew.

19 3481 21 3485 '
118 3474 233 3536 conjecit
243 3475 346 3536 aliaque,
358 3474 424 3536 quorl
437 3475 503 3522 male
516 3482 606 3522 tacens
619 3474 728 3535 arripnit
740 3475 806 3523 Elm.
824 3481 853 3523 et
864 3489 936 3541 seqq.
956 3477 1067 3525 Oret—l
1084 3479 1161 3527 Voss.
1174 3494 1221 3540 ge-

118 3544 214 3597 runtur,
224 3545 349 3603 reguntur,
361 3540 441 3587 ducta
452 3539 545 3586 lineola
564 3538 610 3585 sub
620 3543 744 3599 gerantur.
764 3538 854 3587 len-n
873 3540 946 3587 Harl.
956 3548 984 3588 et
1002 3541 1068 3590 Edd.
1083 3549 1144 3590 ente
1155 3544 1220 3590 an-

119 3601 444 3663 can.optimatum.1d.—-3
464 3602 544 3650 Hermo
565 3607 640 3650 tenus.
674 3602 772 3650 Omnes
792 3601 847 3651 fere
866 3604 925 3652 libri
941 3613 1059 3652 ueteres:
1077 3605 1172 3653 lamera
1183 3613 1220 3655 te·

118 3679 171 3713 aas.
205 3667 292 3715 Satius
311 3675 399 3715 tamen
419 3667 499 3714 vinnm
515 3667 588 3727 sequi
603 3666 743 3728 vulgariam
763 3668 911 3730 lectionem,
923 3675 1016 3731 utpote
1035 3669 1219 3730 simpliciorem

119 3737 146 3778 et
159 3727 308 3791 pleniorem.
331 3731 433 3779 Woroer.
469 3729 567 3779 Bened.
587 3730 654 3779 Edd.
673 3739 735 3778 ante
750 3731 861 3779 ancan.
880 3733 941 3779 item
961 3732 1221 3784 Wow.lumotenus.·

119 3792 165 3840 sed
177 3795 250 3845 male.
262 3793 506 3853 Arrctoraitmmnla
517 3795 632 3843 membra
641 3801 668 3843 et
679 3795 808 3853 universa,
818 3796 864 3854 (de
874 3797 978 3858 singulis
988 3798 1221 3860 separatlmaget‚)

121 3856 153 3904 ab
164 3856 219 3908 imis
232 3874 310 3921 usqne
323 3860 355 3906 nd
367 3874 474 3917 summa,
486 3859 564 3920 capiti
578 3858 694 3919 obedire,
705 3867 734 3908 nt
747 3875 772 3922 p.
785 3864 842 3908 586.
859 3860 964 3908 ‘cetere
974 3862 1092 3910 membra
1101 3862 1221 3911 ancillari

118 3927 147 3967 et
159 3923 303 3973 subservire
315 3922 415 3988 capiti!
448 3922 501 3973 Sed
513 3937 559 3972 cur
567 3939 614 3973 uno
624 3924 738 3974 numeral
772 3923 854 3973 Recte
867 3937 928 3988 ergo
940 3926 1007 3976 Mes.
1017 3926 1130 3976 Florent.
1143 3926 1220 3977 Fulr.

612 4053 719 4105 NOTAE

377 4173 389 4201 ⁰
401 4166 518 4217 flentium
529 4167 628 4231 sadum]
645 4167 761 4218 Homero
773 4167 839 4232 ipsos
850 4165 957 4219 ditarer.
